<mjloggm ver="2.3"><GO type="169" lobby="0"/><UN n0="%E3%82%B0%E3%83%B3%E3%83%80%E3%83%AA%E3%83%BC" n1="%E5%A4%96%E5%B7%9D%E7%AB%9C%E6%88%90" n2="%E3%83%8A%E3%82%B4%E3%83%A0" n3="%E3%81%BF%E3%82%84%E3%81%AF%E3%82%89" dan="19,16,18,16" rate="2290.27,2183.28,2226.67,2052.16" sx="M,M,M,M"/><TAIKYOKU oya="0"/><INIT seed="0,0,0,1,3,63" ten="250,250,250,250" oya="0" hai0="94,107,77,6,85,100,62,124,13,60,22,67,103" hai1="76,135,78,81,59,64,112,12,55,119,10,57,0" hai2="115,134,133,8,89,41,104,51,31,79,29,69,23" hai3="113,88,49,15,130,110,19,3,127,42,102,26,16"/><T90/><D124/><U92/><E119/><V65/><F79/><W50/><G113/><T125/><D125/><U5/><E135/><V75/><F75/><W24/><G127/><T7/><D77/><U99/><E112/><V25/><F104/><W37/><G110/><T1/><D1/><U66/><E0/><V73/><F73/><W58/><G3/><T2/><D2/><U82/><E78/><V27/><F8/><W120/><G102/><T56/><D107/><U45/><E45/><V38/><F89/><W86/><G130/><T9/><D7/><U30/><E30/><V131/><F38/><W21/><G37/><T11/><D11/><U39/><E39/><V72/><F72/><W20/><G120/><T52/><REACH who="0" step="1"/><D22/><REACH who="0" ten="240,250,250,250" step="2"/><U44/><E76/><V83/><F115/><W111/><G111/><T74/><D74/><U93/><E10/><V96/><F131/><W117/><G117/><T97/><D97/><U101/><E5/><V122/><F96/><W129/><G129/><T105/><D105/><U33/><E99/><V14/><F122/><W80/><G21/><T36/><D36/><U128/><E128/><V48/><F23/><W98/><G98/><T91/><D91/><U47/><E33/><V61/><F133/><W121/><G121/><T28/><D28/><U32/><E32/><V109/><F31/><W123/><G123/><T114/><D114/><U126/><E126/><V18/><F29/><W54/><G19/><T106/><D106/><U87/><E87/><V34/><F34/><W116/><G116/><T35/><D35/><U108/><E108/><RYUUKYOKU ba="0,1" sc="240,15,250,-15,250,-15,250,15" hai0="6,9,13,52,56,60,62,67,85,90,94,100,103" hai3="15,16,20,24,26,42,49,50,54,58,80,86,88" /><INIT seed="0,1,1,3,2,29" ten="255,235,235,265" oya="0" hai0="81,120,97,3,46,32,131,98,9,70,23,116,52" hai1="83,27,69,133,59,31,115,8,12,34,75,35,49" hai2="54,108,129,50,17,73,119,90,55,102,72,40,80" hai3="6,22,101,89,86,47,99,5,135,0,121,16,111"/><T109/><D116/><U114/><E69/><V44/><F108/><W30/><G111/><T103/><D32/><N who="1" m="20607" /><E133/><V2/><F129/><W45/><G135/><T63/><D120/><U67/><E75/><V82/><F2/><W21/><G0/><T125/><D98/><U25/><E25/><V13/><F119/><W92/><G30/><T84/><D125/><U87/><E49/><V57/><F102/><W38/><G22/><T128/><D109/><U41/><E41/><V68/><F68/><W132/><G132/><T66/><D23/><U110/><E59/><V37/><F55/><W64/><G64/><T51/><D9/><U78/><E67/><V93/><F73/><W42/><G47/><T126/><D3/><U33/><E110/><V95/><F95/><W19/><G19/><T77/><REACH who="0" step="1"/><D126/><REACH who="0" ten="245,235,235,265" step="2"/><U76/><E35/><V106/><F106/><AGARI ba="1,2" hai="46,51,52,63,66,70,77,81,84,97,103,106,128,131" machi="106" ten="40,7700,0" yaku="1,1,2,1,54,1,53,0" doraHai="29" doraHaiUra="10" who="0" fromWho="2" sc="245,100,235,0,235,-80,265,0" /><INIT seed="0,2,0,0,0,97" ten="345,235,155,265" oya="0" hai0="112,131,81,52,42,63,88,30,11,1,125,114,76" hai1="74,77,118,47,117,54,98,14,78,126,113,111,13" hai2="34,89,99,5,0,104,24,67,6,69,21,16,58" hai3="127,101,32,9,8,105,37,92,17,86,43,109,23"/><T48/><D125/><U123/><E123/><V115/><F115/><W53/><G109/><T119/><D131/><U18/><E18/><V134/><F134/><W20/><G32/><T27/><D119/><U2/><E54/><V90/><F69/><W128/><G105/><T33/><D42/><U96/><E47/><V49/><F34/><W70/><G70/><T80/><D63/><U12/><E111/><V73/><F73/><W79/><G128/><T100/><D100/><U26/><E26/><V93/><F104/><W44/><G127/><T84/><D11/><U60/><E60/><N who="2" m="38295" /><F0/><W83/><G23/><T35/><D1/><U38/><E74/><V120/><F120/><W40/><G40/><T7/><D7/><N who="2" m="2570" /><F49/><W57/><G92/><T41/><D41/><U55/><E38/><V51/><F51/><W61/><REACH who="3" step="1"/><G101/><AGARI ba="2,0" hai="16,21,24,89,90,93,99,101" m="2570,38295" machi="101" ten="30,3900,0" yaku="8,1,52,1,54,1" doraHai="97" who="2" fromWho="3" sc="345,0,235,0,155,45,265,-45" /><INIT seed="1,0,0,1,3,36" ten="345,235,200,220" oya="1" hai0="33,28,118,130,98,51,133,123,122,89,64,134,129" hai1="54,8,20,40,44,83,92,105,131,32,1,37,30" hai2="29,25,117,125,94,46,6,57,95,109,90,120,53" hai3="62,61,31,124,82,103,14,106,42,11,81,58,116"/><U41/><E105/><V126/><F117/><W100/><G124/><N who="2" m="47721" /><F120/><N who="0" m="46122" /><D64/><U4/><E32/><V59/><F109/><W85/><G116/><T55/><D28/><U38/><E131/><N who="0" m="50185" /><D33/><U39/><E92/><N who="2" m="35371" /><F6/><W12/><G31/><T76/><D76/><U99/><E99/><V43/><F53/><W23/><G106/><T128/><D128/><U22/><E83/><V119/><F90/><W10/><G23/><T56/><D118/><U114/><E114/><V74/><F74/><W17/><G81/><T110/><D89/><U16/><E30/><V111/><F111/><W63/><G58/><N who="0" m="33151" /><D98/><U113/><E113/><V13/><F13/><W52/><G82/><T97/><D97/><U84/><E84/><V107/><F107/><W72/><G85/><T102/><D110/><U48/><REACH who="1" step="1"/><E22/><REACH who="1" ten="345,225,200,220" step="2"/><N who="2" m="15543" /><F119/><W3/><G72/><T71/><D102/><U78/><E78/><V108/><F108/><W34/><G103/><T67/><D71/><U91/><E91/><V5/><F5/><W66/><G100/><T88/><D88/><U26/><AGARI ba="0,1" hai="1,4,8,16,20,26,37,38,39,40,41,44,48,54" machi="26" ten="30,12000,1" yaku="1,1,0,1,52,2,54,1,53,0" doraHai="36" doraHaiUra="115" who="1" fromWho="1" sc="345,-40,225,130,200,-40,220,-40" /><INIT seed="1,1,0,2,0,106" ten="305,355,160,180" oya="1" hai0="105,39,19,116,88,50,108,62,65,126,92,117,32" hai1="22,114,71,81,82,64,121,68,70,24,46,78,12" hai2="55,34,77,110,95,132,125,84,5,8,102,133,113" hai3="47,76,7,86,33,127,30,79,41,75,109,135,9"/><U29/><E114/><V18/><F34/><W69/><G109/><T87/><D39/><U67/><E121/><V48/><F110/><W23/><G127/><T124/><D108/><U0/><E0/><V112/><F18/><W60/><G33/><T49/><D32/><U16/><E46/><V28/><F28/><W35/><G35/><T80/><D105/><U25/><E25/><V1/><F125/><N who="0" m="48234" /><D19/><U100/><E100/><V129/><F129/><W130/><G130/><T115/><D115/><N who="2" m="44106" /><F102/><W131/><G131/><T3/><D3/><U52/><E52/><V13/><F1/><W94/><G135/><N who="2" m="51785" /><F95/><W128/><G128/><T103/><D92/><U2/><E2/><V104/><F104/><W11/><G94/><T21/><D21/><U51/><E51/><N who="0" m="19465" /><D103/><U42/><E42/><V4/><F4/><W119/><G7/><T10/><D10/><U93/><E93/><V120/><F120/><W17/><G11/><T27/><D27/><U111/><E111/><V54/><F48/><W123/><G9/><T101/><D101/><U37/><E37/><V85/><F85/><W59/><G86/><T83/><D80/><AGARI ba="1,0" hai="5,8,13,54,55,77,80,84" m="51785,44106" machi="80" ten="30,2000,0" yaku="11,1,20,1" doraHai="106" who="2" fromWho="0" sc="305,-23,355,0,160,23,180,0" /><INIT seed="2,0,0,2,5,11" ten="282,355,183,180" oya="2" hai0="79,3,64,57,32,22,1,41,132,108,94,14,107" hai1="28,2,98,101,43,128,100,89,70,10,96,125,59" hai2="31,115,56,68,130,126,85,9,87,40,133,7,37" hai3="122,58,18,66,55,109,75,84,74,38,123,134,71"/><V117/><F68/><W93/><G109/><T86/><D107/><U23/><E125/><V121/><F115/><W45/><G134/><T39/><D32/><U8/><E128/><V119/><F121/><W49/><G75/><T61/><D108/><U6/><E43/><V62/><F126/><W33/><G74/><T105/><D105/><U13/><E13/><BYE who="1" /><V97/><F130/><W20/><G33/><UN n1="%E5%A4%96%E5%B7%9D%E7%AB%9C%E6%88%90" /><T99/><D132/><U34/><E10/><V15/><F133/><W124/><G124/><T76/><D39/><U112/><E23/><V53/><F31/><W4/><G4/><T129/><D41/><U29/><E89/><V16/><F97/><W35/><G35/><T92/><D129/><U63/><E70/><V30/><F30/><W52/><G71/><T27/><D14/><U103/><E112/><V48/><F37/><W44/><G66/><T47/><D47/><U46/><E46/><N who="2" m="25671" /><F117/><W0/><G0/><T82/><D92/><U80/><E80/><V67/><F119/><W17/><G17/><T24/><D24/><U91/><E91/><V65/><F7/><W25/><G38/><T88/><REACH who="0" step="1"/><D79/><REACH who="0" ten="272,355,183,180" step="2"/><U104/><E104/><V127/><F127/><W83/><G93/><T118/><D118/><U114/><E34/><V120/><F120/><W12/><G123/><T102/><D102/><U77/><E77/><V42/><F42/><W19/><G122/><T5/><D5/><U26/><E26/><V72/><F72/><W81/><G45/><T135/><D135/><U90/><E114/><V95/><F95/><W36/><G44/><T21/><D21/><RYUUKYOKU ba="0,1" sc="272,15,355,-15,183,15,180,-15" hai0="1,3,22,27,57,61,64,76,82,86,88,94,99" hai2="9,15,16,53,56,62,65,67,85,87" /><INIT seed="2,1,1,3,4,115" ten="287,340,198,165" oya="2" hai0="11,57,19,85,1,129,29,110,8,23,68,40,31" hai1="9,20,108,10,74,41,118,94,116,5,45,25,119" hai2="56,65,62,77,121,98,24,36,61,67,72,132,128" hai3="12,33,16,106,47,93,60,38,91,0,35,120,43"/><V70/><F121/><W26/><G120/><T59/><D68/><U99/><E74/><V100/><F128/><W109/><G106/><T130/><D40/><U126/><E108/><V83/><F132/><W101/><G109/><T125/><D110/><U6/><E126/><V84/><F36/><W92/><G0/><T105/><D105/><U27/><E94/><V55/><F72/><W113/><G113/><T122/><D122/><U90/><E90/><V66/><REACH who="2" step="1"/><F24/><REACH who="2" ten="287,340,188,165" step="2"/><W104/><G26/><T50/><D129/><U133/><E27/><V76/><F76/><W123/><G123/><T97/><D130/><U124/><E133/><V2/><F2/><W117/><G117/><T69/><D1/><U15/><E25/><V131/><F131/><W22/><G104/><AGARI ba="1,2" hai="55,56,61,62,65,66,67,70,77,83,84,98,100,104" machi="104" ten="30,5800,0" yaku="1,1,7,1,53,1" doraHai="115" doraHaiUra="102" who="2" fromWho="3" sc="287,0,340,0,188,81,165,-61" /><INIT seed="2,2,0,5,3,108" ten="287,340,269,104" oya="2" hai0="101,48,80,31,90,79,28,42,12,74,70,53,38" hai1="99,127,18,37,113,41,1,117,111,69,133,89,81" hai2="126,3,62,4,103,50,15,11,68,105,2,110,7" hai3="123,65,87,107,58,20,114,84,132,24,30,93,124"/><V60/><F126/><W76/><G123/><T56/><D101/><U122/><RYUUKYOKU type="yao9" ba="2,0" sc="287,0,340,0,269,0,104,0" hai1="1,18,37,41,69,81,89,99,111,113,117,122,127,133" /><INIT seed="2,3,0,1,1,49" ten="287,340,269,104" oya="2" hai0="111,52,26,101,95,105,121,18,119,115,99,93,20" hai1="87,134,31,5,126,112,12,19,0,80,55,64,96" hai2="42,74,61,56,69,41,32,6,125,11,48,84,110" hai3="46,37,116,108,22,15,128,53,100,97,8,13,113"/><V10/><F74/><W76/><G108/><T38/><D121/><U40/><E112/><V120/><F120/><W88/><G116/><T50/><D115/><U79/><E126/><V123/><F123/><W39/><G113/><T89/><D111/><U27/><E134/><V23/><F32/><W133/><G133/><T66/><D119/><U107/><E40/><V3/><F110/><W124/><G124/><T90/><D38/><U34/><E64/><V70/><F125/><W28/><G128/><T118/><D118/><U25/><E25/><V14/><F23/><W130/><G76/><T77/><D66/><U73/><E73/><V36/><F36/><W78/><G78/><T35/><D77/><U129/><E129/><V94/><F48/><W135/><G135/><T7/><D7/><U63/><E96/><V122/><F122/><W68/><G68/><T106/><D35/><U117/><E107/><V21/><F21/><W59/><G46/><T81/><D81/><U65/><E65/><V43/><F84/><W30/><G130/><T17/><D17/><U1/><E5/><V102/><F94/><N who="3" m="56519" /><G100/><T60/><D101/><U62/><E0/><V4/><REACH who="2" step="1"/><F102/><REACH who="2" ten="287,340,259,104" step="2"/><W54/><G39/><T71/><D50/><U98/><E34/><V58/><F58/><W103/><G59/><N who="0" m="34919" /><D71/><U114/><E117/><V72/><F72/><W47/><G103/><T33/><D33/><U16/><E114/><V85/><F85/><AGARI ba="3,1" hai="18,20,26,85,89,90,93,95,99,105,106" m="34919" machi="85" ten="30,3900,0" yaku="25,1,52,1,54,1" doraHai="49" who="0" fromWho="2" sc="287,58,340,0,259,-48,104,0" /><INIT seed="3,0,0,5,3,45" ten="345,340,211,104" oya="3" hai0="11,12,32,118,4,96,56,116,16,90,63,92,132" hai1="120,86,123,0,21,110,67,69,119,40,77,41,95" hai2="37,112,104,105,15,66,115,36,25,83,17,111,47" hai3="125,114,59,33,73,103,29,108,129,39,6,65,127"/><W72/><G114/><T24/><D132/><U7/><E69/><V133/><F111/><W121/><G121/><T57/><D57/><U10/><E67/><V102/><F66/><W38/><G129/><T30/><REACH who="0" step="1"/><D4/><REACH who="0" ten="335,340,211,104" step="2"/><U99/><E7/><V20/><F133/><W27/><G6/><T51/><D51/><U48/><E48/><V84/><F115/><W131/><G131/><T87/><D87/><U122/><E86/><V60/><F60/><N who="3" m="38047" /><G108/><T53/><AGARI ba="0,1" hai="11,12,16,24,30,32,53,56,63,90,92,96,116,118" machi="53" ten="20,5200,0" yaku="1,1,0,1,7,1,54,1,53,0" doraHai="45" doraHaiUra="74" who="0" fromWho="0" sc="335,62,340,-13,211,-13,104,-26" /><INIT seed="4,0,0,1,2,112" ten="397,327,198,78" oya="0" hai0="28,121,103,71,1,84,108,83,115,41,49,92,117" hai1="21,18,11,113,77,82,94,96,42,39,79,102,40" hai2="12,109,114,89,16,99,34,132,60,10,68,23,69" hai3="22,36,19,120,27,37,52,80,51,33,127,90,135"/><T54/><D1/><U5/><E39/><V20/><F34/><W9/><G127/><T4/><D71/><U46/><E113/><V107/><F109/><W111/><G135/><T43/><D121/><U75/><E79/><V105/><F114/><W65/><G111/><T129/><D115/><U32/><E32/><V134/><F89/><W87/><G120/><T131/><D4/><U56/><E56/><V118/><F99/><W31/><G65/><T50/><D28/><U66/><E66/><V15/><F16/><W63/><G63/><T44/><D108/><U95/><E95/><V126/><F10/><W6/><G6/><T81/><D92/><U58/><E58/><V125/><F60/><W38/><G9/><T47/><D84/><U35/><E46/><V2/><F2/><W86/><G86/><T48/><D48/><U106/><E35/><V124/><F124/><W30/><REACH who="3" step="1"/><G33/><REACH who="3" ten="397,327,198,68" step="2"/><T72/><D131/><U29/><E5/><V64/><F64/><W98/><G98/><T74/><D129/><U130/><E130/><V110/><F110/><W78/><G78/><T91/><D74/><U17/><E11/><V24/><F24/><W116/><G116/><AGARI ba="0,1" hai="12,15,20,23,68,69,105,107,116,118,125,126,132,134" machi="116" ten="25,6400,0" yaku="22,2,52,2" doraHai="112" who="2" fromWho="3" sc="397,0,327,0,198,74,68,-64" /><INIT seed="5,0,0,3,5,98" ten="397,327,272,4" oya="1" hai0="23,73,88,1,103,28,10,54,114,62,116,115,91" hai1="131,47,37,97,2,132,83,128,38,17,118,51,56" hai2="75,20,67,72,55,113,109,61,133,0,14,6,35" hai3="66,74,13,16,96,65,33,41,3,39,59,30,120"/><U82/><E2/><V135/><F35/><W24/><G120/><T122/><D116/><U90/><E118/><V12/><F109/><W45/><G74/><T93/><D73/><U53/><E17/><V36/><F36/><N who="1" m="13929" /><BYE who="3" /><E47/><V95/><F55/><W106/><G106/><T40/><D122/><U58/><E58/><V11/><F14/><W107/><G107/><T34/><D34/><U8/><E8/><V68/><F95/><UN n3="%E3%81%BF%E3%82%84%E3%81%AF%E3%82%89" /><W77/><G77/><T94/><D40/><U78/><E78/><V99/><F12/><W123/><G123/><T42/><D10/><U5/><E5/><V9/><F9/><W79/><G79/><T57/><D1/><U102/><E90/><V25/><F99/><W124/><G124/><T27/><D42/><U130/><E132/><N who="2" m="50763" /><F113/><N who="0" m="43018" /><D93/><AGARI ba="0,0" hai="51,53,56,82,83,93,97,102,128,130,131" m="13929" machi="93" ten="40,3900,0" yaku="19,1,52,1" doraHai="98" who="1" fromWho="0" sc="397,-39,327,39,272,0,4,0" /><INIT seed="5,1,0,5,1,63" ten="358,366,272,4" oya="1" hai0="67,126,109,27,65,54,43,86,79,96,4,57,127" hai1="15,52,91,0,39,31,2,115,25,11,62,129,22" hai2="9,93,120,134,101,77,19,105,102,88,83,53,92" hai3="6,35,26,119,123,100,45,89,68,56,41,23,37"/><U17/><E115/><V121/><F53/><W87/><G123/><T98/><D109/><U132/><E39/><V104/><F19/><W13/><G68/><T128/><D43/><U131/><E132/><V55/><F55/><W64/><G100/><N who="2" m="38505" /><F9/><W108/><G108/><T118/><D118/><U78/><E78/><V60/><F60/><W66/><G35/><T21/><D128/><N who="1" m="49227" /><E91/><V73/><F134/><W58/><G119/><T44/><D44/><U81/><E81/><V113/><F113/><W94/><G6/><T5/><D127/><U111/><E111/><V49/><F49/><N who="3" m="26799" /><G13/><T10/><D126/><U103/><E103/><V33/><F33/><W82/><G82/><N who="0" m="47455" /><D5/><U80/><E80/><N who="2" m="45103" /><F121/><W1/><G1/><T48/><D10/><U122/><E122/><V114/><F114/><W51/><G37/><T99/><D4/><U7/><E7/><V47/><F47/><W40/><G40/><T107/><D107/><N who="2" m="41034" /><F120/><W106/><G106/><T50/><D50/><U24/><E24/><V75/><F75/><W135/><G135/><T38/><D38/><U74/><E74/><V97/><F97/><W112/><G112/><T95/><D99/><U12/><E12/><V14/><F14/><W28/><G51/><T16/><D98/><U32/><E32/><V30/><F30/><W110/><G110/><T125/><D125/><U85/><E62/><V20/><F20/><W59/><AGARI ba="1,0" hai="23,26,28,56,58,59,64,66,87,89,94" m="26799" machi="59" ten="30,4000,0" yaku="8,1,52,2" doraHai="63" who="3" fromWho="3" sc="358,-11,366,-21,272,-11,4,43" /><INIT seed="6,0,0,2,3,18" ten="347,345,261,47" oya="2" hai0="37,66,17,71,29,125,74,64,103,44,2,12,19" hai1="49,105,31,129,57,85,22,79,112,6,70,55,111" hai2="122,96,52,58,7,33,63,30,45,32,41,109,127" hai3="131,16,34,76,46,8,77,43,123,86,84,5,25"/><V118/><F118/><W4/><G123/><T87/><D74/><U61/><E105/><V116/><F116/><W80/><G131/><T106/><D2/><U120/><E111/><V130/><F122/><W82/><G5/><T60/><D66/><U47/><E120/><V14/><F127/><W102/><G102/><T65/><D65/><U73/><E73/><V53/><F130/><W78/><G34/><T101/><D125/><U13/><E70/><V68/><F109/><W124/><G124/><T92/><D19/><U117/><E117/><V90/><F68/><W81/><G25/><T134/><D106/><U36/><E36/><V113/><F113/><W9/><G9/><T23/><D134/><U0/><E0/><V26/><F53/><W132/><G132/><T10/><D29/><U39/><E39/><V21/><F90/><W27/><G4/><T119/><D10/><N who="1" m="4311" /><E112/><V100/><F14/><W51/><REACH who="3" step="1"/><G8/><REACH who="3" ten="347,345,261,37" step="2"/><T93/><D119/><U94/><E129/><V38/><REACH who="2" step="1"/><F7/><REACH who="2" ten="347,345,251,37" step="2"/><W115/><G115/><T121/><D121/><U3/><E3/><V48/><F48/><W35/><G35/><T28/><D37/><U69/><E49/><V42/><F42/><W72/><G72/><T99/><D103/><U67/><E61/><V54/><F54/><W1/><G1/><T108/><D101/><U97/><E55/><V107/><AGARI ba="0,2" hai="21,26,30,32,33,38,41,45,52,58,63,96,100,107" machi="107" ten="20,12000,1" yaku="1,1,0,1,7,1,52,1,54,1,53,0" doraHai="18" doraHaiUra="91" who="2" fromWho="2" sc="347,-40,345,-40,251,140,37,-40" owari="307,10.7,305,-9.5,391,49.1,-3,-50.3" /></mjloggm>