<mjloggm ver="2.3"><GO type="169" lobby="0"/><UN n0="%E3%83%8F%E5%B4%8E%E7%9C%9F%E6%82%9F" n1="%E6%84%9A%E5%85%84%E3%81%8C%E6%84%9A%E5%BD%A2" n2="%68%7A%63" n3="%E3%81%8B%E3%81%B6%E8%8C%B6" dan="17,16,18,17" rate="2229.23,2113.84,2224.60,2136.16" sx="M,M,F,M"/><TAIKYOKU oya="0"/><INIT seed="0,0,0,4,3,129" ten="250,250,250,250" oya="0" hai0="49,135,40,9,86,5,126,122,109,98,20,108,74" hai1="10,25,85,26,22,90,100,8,7,101,102,106,105" hai2="133,37,76,30,124,23,43,95,65,79,2,93,17" hai3="51,89,61,34,82,41,4,3,84,92,134,94,96"/><T15/><D74/><U32/><E32/><V127/><F65/><W19/><G34/><T67/><D122/><U64/><E64/><V107/><F30/><W38/><G38/><T123/><D123/><U116/><E116/><V117/><F2/><W35/><G35/><T27/><D126/><N who="2" m="48170" /><F107/><W112/><G112/><T119/><D119/><U80/><E25/><V16/><F117/><W50/><G61/><T0/><D67/><U28/><REACH who="1" step="1"/><E8/><REACH who="1" ten="250,240,250,250" step="2"/><V88/><F23/><W1/><G1/><AGARI ba="0,1" hai="1,7,10,22,26,28,80,85,90,100,101,102,105,106" machi="1" ten="40,2600,0" yaku="1,1,2,1,53,0" doraHai="129" doraHaiUra="128" who="1" fromWho="3" sc="250,0,240,36,250,0,250,-26" /><INIT seed="1,0,0,4,2,95" ten="250,276,250,224" oya="1" hai0="38,112,29,21,45,130,84,88,39,119,63,14,9" hai1="77,27,114,107,72,16,11,133,30,104,117,43,57" hai2="55,96,129,100,69,98,17,134,75,1,70,122,24" hai3="18,125,67,59,135,58,52,132,120,108,12,111,80"/><U90/><E114/><V102/><F75/><W74/><G74/><T93/><D112/><U78/><E117/><V103/><F1/><W131/><G120/><T123/><D119/><U37/><E133/><N who="3" m="51274" /><G80/><T89/><D130/><U33/><E57/><V66/><F134/><W54/><G12/><T25/><D123/><U56/><E56/><N who="3" m="21546" /><G18/><T128/><D128/><U31/><E31/><V118/><F118/><W34/><G34/><T92/><D63/><U68/><E68/><V124/><F122/><W82/><G82/><T91/><D45/><U28/><E28/><V46/><F129/><W53/><G131/><T64/><D89/><U116/><E116/><V51/><F124/><W26/><G26/><T44/><D44/><U110/><E90/><V115/><F115/><W81/><G81/><T105/><D105/><U50/><E37/><V113/><F113/><W35/><G35/><T65/><D39/><U71/><E71/><V23/><REACH who="2" step="1"/><F70/><REACH who="2" ten="250,276,240,224" step="2"/><W13/><G13/><T20/><D38/><U85/><E72/><V41/><F41/><W62/><G125/><T3/><D3/><U8/><E43/><V19/><F19/><W48/><G48/><T61/><D61/><AGARI ba="0,1" hai="17,23,24,46,51,55,61,66,69,96,98,100,102,103" machi="61" ten="40,8000,1" yaku="1,1,52,2,53,1" doraHai="95" doraHaiUra="15" who="2" fromWho="0" sc="250,-80,276,0,240,90,224,0" /><INIT seed="2,0,0,0,3,81" ten="170,276,330,224" oya="2" hai0="40,135,115,38,71,133,72,9,102,13,43,70,105" hai1="21,61,117,1,109,66,4,112,20,3,37,108,57" hai2="94,110,11,33,54,29,84,114,123,68,28,127,2" hai3="76,121,103,39,56,64,131,129,52,118,126,19,73"/><V10/><F68/><W125/><G118/><T26/><D72/><U128/><E117/><V42/><F114/><W25/><G121/><T132/><D115/><U58/><E37/><V30/><F33/><W91/><G103/><T88/><D26/><U12/><E112/><V49/><F123/><W18/><G39/><T35/><D35/><U89/><E128/><N who="3" m="49226" /><G64/><T46/><D43/><U99/><E4/><V74/><F74/><W16/><G76/><T119/><D119/><U85/><E99/><V6/><F127/><N who="3" m="48651" /><G91/><T122/><D122/><U50/><E1/><V65/><F65/><W100/><G100/><T69/><D102/><U32/><E3/><V0/><F110/><W97/><G97/><T75/><D75/><U92/><E32/><V86/><F42/><W14/><G73/><T130/><D130/><U59/><E59/><V41/><F41/><W23/><G25/><T80/><D105/><U87/><E108/><V22/><F94/><W104/><G104/><T120/><D120/><U47/><E89/><V34/><F34/><W60/><AGARI ba="0,0" hai="14,16,18,19,23,52,56,60" m="48651,49226" machi="60" ten="30,7900,0" yaku="19,1,18,1,54,2" doraHai="81" who="3" fromWho="3" sc="170,-20,276,-20,330,-39,224,79" /><INIT seed="3,0,0,2,3,59" ten="150,256,291,303" oya="3" hai0="10,82,18,25,99,69,43,47,87,94,26,54,30" hai1="83,126,96,70,109,113,88,104,131,67,42,121,108" hai2="102,22,135,60,92,15,50,127,58,29,2,51,34" hai3="124,40,52,84,63,13,62,128,14,49,12,68,74"/><W6/><G74/><T65/><D54/><U4/><E113/><V28/><F2/><W91/><G68/><T57/><D69/><U98/><E121/><V120/><F120/><W8/><G128/><T38/><D10/><U97/><E42/><V133/><F34/><W129/><G124/><T130/><D130/><U7/><E126/><V105/><F105/><W118/><G118/><T5/><D5/><U90/><E104/><V123/><F123/><W19/><G40/><T37/><D37/><U46/><E46/><V81/><F127/><W44/><G129/><T106/><D18/><U75/><E75/><V16/><F81/><N who="3" m="49551" /><G14/><T61/><D106/><U35/><E35/><V23/><F135/><W103/><G103/><T125/><D125/><U32/><E32/><V85/><F133/><W72/><G72/><T64/><D64/><U79/><E79/><V111/><F111/><N who="1" m="42569" /><E90/><N who="2" m="53327" /><F102/><W110/><G110/><T31/><D38/><U117/><E117/><V76/><F76/><W11/><AGARI ba="0,0" hai="6,8,11,12,13,19,44,49,52,62,63" m="49551" machi="11" ten="30,12000,1" yaku="25,1,8,1,52,2,54,1" doraHai="59" who="3" fromWho="3" sc="150,-40,256,-40,291,-40,303,120" /><INIT seed="3,1,0,5,4,59" ten="110,216,251,423" oya="3" hai0="5,70,91,131,30,27,7,64,124,96,135,1,14" hai1="97,127,85,24,49,106,80,3,112,116,73,25,38" hai2="113,4,57,35,23,8,105,78,132,111,51,48,115" hai3="58,50,109,44,17,53,104,133,2,21,79,43,130"/><W71/><G104/><T118/><D1/><U52/><E112/><V119/><F35/><W40/><G2/><T74/><D74/><U129/><E127/><V62/><F105/><W16/><G130/><T60/><D118/><U41/><E73/><V36/><F36/><W98/><G71/><T20/><D124/><U76/><E129/><V89/><F78/><W47/><G133/><T94/><D131/><U99/><E3/><V0/><F119/><W34/><G34/><T56/><D135/><U26/><E106/><V9/><F111/><W128/><G128/><T117/><D117/><U29/><E29/><V6/><F23/><W32/><G32/><T61/><REACH who="0" step="1"/><D14/><REACH who="0" ten="100,216,251,423" step="2"/><U75/><E75/><V72/><F72/><W77/><G109/><T86/><D86/><U114/><E116/><V37/><F132/><W123/><G123/><T65/><AGARI ba="1,1" hai="5,7,20,27,30,56,60,61,64,65,70,91,94,96" machi="65" ten="20,12000,2" yaku="1,1,0,1,7,1,52,2,53,1" doraHai="59" doraHaiUra="22" who="0" fromWho="0" sc="100,133,216,-31,251,-31,423,-61" /><INIT seed="4,0,0,5,4,135" ten="233,185,220,362" oya="0" hai0="36,34,69,35,89,3,131,1,37,78,17,133,62" hai1="130,77,47,85,94,79,33,0,42,60,63,26,46" hai2="86,64,73,18,15,53,74,105,30,121,80,132,93" hai3="6,70,119,40,99,134,87,65,110,12,55,67,102"/><T2/><D89/><U50/><E0/><V122/><F105/><W28/><G110/><T68/><D17/><U103/><E130/><V120/><F132/><W23/><G119/><T92/><D92/><U81/><E77/><V9/><F64/><W61/><G134/><T25/><D133/><U27/><E46/><V104/><F104/><W83/><G40/><T39/><D131/><U126/><E33/><N who="0" m="12297" /><D25/><U107/><E107/><V109/><F30/><W111/><G111/><T14/><D14/><U24/><REACH who="1" step="1"/><E126/><REACH who="1" ten="233,175,220,362" step="2"/><V51/><F109/><W123/><G123/><T49/><D78/><U91/><E91/><V75/><F121/><W8/><G102/><T13/><D1/><U106/><E106/><V82/><F122/><W21/><G67/><T112/><D2/><U57/><E57/><V11/><F120/><W71/><G65/><T101/><D3/><U54/><E54/><V19/><F53/><W29/><G55/><T22/><D101/><U38/><E38/><V90/><F51/><W118/><G118/><T43/><D49/><U5/><E5/><V129/><F129/><W32/><G6/><T95/><D39/><U10/><E10/><V52/><F52/><W84/><G8/><T48/><D37/><U114/><E114/><V66/><F66/><W124/><G124/><T127/><D36/><U72/><E72/><V56/><F56/><W115/><G115/><T7/><D112/><U16/><E16/><V59/><F59/><W113/><G113/><T128/><D127/><U44/><E44/><V125/><F125/><W117/><G117/><T45/><D128/><RYUUKYOKU ba="0,1" sc="233,-15,175,15,220,15,362,-15" hai1="24,26,27,42,47,50,60,63,79,81,85,94,103" hai2="9,11,15,18,19,73,74,75,80,82,86,90,93" /><INIT seed="5,1,1,0,5,122" ten="218,190,235,347" oya="1" hai0="1,16,100,132,102,12,94,39,6,117,99,60,82" hai1="112,54,21,56,76,14,114,32,109,95,31,42,78" hai2="55,123,131,36,116,19,135,11,29,18,59,61,69" hai3="130,2,8,126,27,87,13,79,34,68,93,70,9"/><U57/><E42/><V96/><F123/><W0/><G79/><T25/><D117/><U107/><E107/><V101/><F36/><W7/><G87/><T119/><D119/><U67/><E32/><V81/><F116/><W97/><G130/><T62/><D39/><U26/><E14/><V23/><F131/><W53/><G126/><T65/><D132/><U85/><E67/><V63/><F135/><W73/><G73/><T43/><D43/><U52/><E109/><V47/><F47/><W127/><G127/><T72/><D100/><U133/><E133/><V124/><F81/><W121/><G0/><T75/><D25/><U22/><E95/><N who="2" m="58527" /><F69/><W5/><G53/><T48/><D48/><U108/><E108/><V86/><F86/><W129/><G121/><T30/><D30/><U64/><E64/><V37/><F37/><W3/><G13/><T90/><D82/><U33/><E33/><V50/><F124/><W66/><G66/><T103/><D62/><N who="2" m="23562" /><F11/><W51/><G51/><T38/><D38/><U89/><E21/><V113/><F113/><N who="1" m="43625" /><E57/><V46/><F59/><W118/><G118/><T83/><D65/><U98/><E98/><V15/><F15/><W17/><G129/><T80/><D12/><U105/><E105/><V40/><F40/><W106/><G106/><T49/><D99/><U74/><E74/><V125/><F125/><W92/><G34/><T20/><D75/><U10/><E10/><V104/><F104/><W120/><G120/><T91/><D72/><U71/><E71/><N who="3" m="27178" /><G97/><T84/><D84/><U58/><E85/><V4/><F4/><RYUUKYOKU ba="1,1" sc="218,-15,190,-15,235,15,347,15" hai2="18,19,23,29,46,50,55" hai3="2,3,5,7,8,9,17,27,92,93" /><INIT seed="6,2,1,3,3,61" ten="203,175,250,362" oya="2" hai0="30,126,124,81,18,11,99,96,128,56,27,91,10" hai1="48,123,68,101,5,103,15,89,84,63,8,22,74" hai2="107,47,118,93,28,120,100,111,80,58,3,67,45" hai3="104,6,77,37,73,2,85,75,19,113,59,29,7"/><V88/><F3/><W116/><G104/><T57/><D128/><U122/><E74/><V108/><F118/><W112/><G37/><T87/><D57/><U95/><E48/><V78/><F28/><W35/><G19/><T86/><D56/><U72/><E72/><N who="2" m="43079" /><F120/><N who="1" m="46121" /><E22/><V31/><F31/><W50/><G85/><T98/><D87/><U82/><E82/><V117/><F117/><W60/><G50/><T135/><D135/><U132/><E132/><V9/><F9/><W49/><G49/><T114/><D114/><N who="3" m="44137" /><G77/><T115/><D115/><U69/><E69/><V64/><F100/><W129/><G7/><T92/><D81/><U79/><E79/><V90/><F107/><W26/><G6/><T97/><N who="0" m="24576" /><DORA hai="134" /><T25/><D25/><U16/><E5/><V109/><F58/><W33/><G2/><T1/><D1/><U62/><E62/><V14/><F14/><W121/><G116/><T46/><D46/><N who="2" m="17418" /><F93/><W44/><G44/><T39/><D39/><U17/><E17/><V34/><F34/><W13/><G35/><T125/><D18/><U76/><E76/><V94/><F94/><W133/><G133/><T12/><D12/><U52/><E68/><V41/><F41/><W36/><G36/><T4/><D4/><U66/><E101/><V21/><F21/><AGARI ba="2,1" hai="10,11,21,27,30,86,91,92,124,125,126" m="24576" machi="21" ten="60,8000,1" yaku="18,1,52,3" doraHai="61,134" who="0" fromWho="2" sc="203,96,175,0,250,-86,362,0" /><INIT seed="7,0,0,3,5,101" ten="299,175,164,362" oya="3" hai0="92,13,27,30,111,61,38,81,33,66,110,130,58" hai1="7,108,100,128,104,14,85,93,88,109,50,117,29" hai2="119,49,25,44,56,134,89,26,19,132,121,45,2" hai3="70,75,87,112,21,59,37,113,91,8,15,18,41"/><W9/><G70/><T62/><D38/><U118/><E29/><V69/><F2/><W80/><G75/><T53/><D130/><U63/><E63/><V28/><F69/><W125/><G125/><T31/><D31/><U20/><E128/><V54/><F119/><N who="1" m="45577" /><E50/><V23/><F121/><W114/><G59/><T124/><D124/><U73/><E73/><V126/><F89/><W98/><G98/><T16/><D92/><U67/><E67/><V11/><F126/><W32/><G32/><T43/><D81/><U24/><E24/><V106/><F106/><W120/><G120/><T129/><D43/><U71/><E71/><V86/><F86/><W68/><G68/><T74/><D74/><U3/><E3/><V103/><F103/><W65/><G65/><T12/><D12/><U55/><E55/><V79/><F79/><W60/><G60/><T46/><D129/><U77/><E77/><V107/><F107/><W99/><G99/><T5/><D5/><U48/><E48/><V40/><F11/><N who="3" m="4171" /><G41/><T131/><D131/><U17/><E7/><V1/><F1/><W135/><G37/><T123/><D123/><U51/><E51/><V52/><F54/><W115/><G115/><T0/><D0/><U105/><E105/><V84/><F84/><W22/><G113/><T34/><D34/><U94/><E104/><V95/><F95/><W35/><G35/><T83/><D83/><U76/><E76/><V72/><F72/><W42/><G80/><T90/><D53/><U6/><E6/><V57/><F132/><W133/><G114/><T122/><D122/><RYUUKYOKU ba="0,0" sc="299,-10,175,30,164,-10,362,-10" hai1="14,17,20,85,88,93,94,100,108,109" owari="289,8.9,205,-19.5,154,-34.6,352,45.2" /></mjloggm>