<mjloggm ver="2.3"><GO type="169" lobby="0"/><UN n0="%4C%65%74%6F%2E" n1="%41%4C%50%45%52%49%4E" n2="%6C%75%6E%61%32%33%34%35" n3="%67%61%79%75%6E%79" dan="16,16,16,17" rate="2085.27,2168.13,2079.00,2201.84" sx="M,M,F,M"/><TAIKYOKU oya="0"/><INIT seed="0,0,0,4,1,106" ten="250,250,250,250" oya="0" hai0="85,103,80,94,96,128,65,64,16,67,66,34,17" hai1="45,119,95,127,102,101,27,14,77,112,86,46,118" hai2="84,19,32,126,20,8,49,13,87,76,52,78,28" hai3="30,97,62,120,98,75,129,61,105,108,69,9,35"/><T121/><D121/><U10/><E127/><V58/><F126/><W5/><G98/><T22/><N who="0" m="16384" /><DORA hai="89" /><T48/><D34/><U36/><E112/><V133/><F133/><W42/><G42/><T82/><D128/><U21/><E119/><V47/><F32/><W63/><G69/><T1/><D1/><U70/><E70/><V60/><F76/><W43/><G43/><T93/><D48/><U53/><E118/><V55/><REACH who="2" step="1"/><F78/><REACH who="2" ten="250,250,240,250" step="2"/><W92/><G35/><T2/><D2/><U71/><E77/><V51/><F51/><W124/><G124/><T88/><REACH who="0" step="1"/><D17/><REACH who="0" ten="240,250,240,250" step="2"/><U41/><E36/><V104/><F104/><W74/><G105/><T73/><D73/><U54/><E41/><V114/><F114/><W38/><G74/><T113/><D113/><U7/><E7/><V11/><F11/><W39/><G9/><T68/><D68/><U130/><E10/><V29/><F29/><W57/><G5/><T59/><D59/><U50/><E71/><V100/><F100/><W111/><G57/><T117/><D117/><U72/><E50/><V99/><F99/><W116/><G30/><T40/><D40/><U90/><E102/><V131/><F131/><W135/><G75/><T25/><AGARI ba="0,2" hai="16,22,25,80,82,85,88,93,94,96,103" m="16384" machi="25" ten="40,18000,2" yaku="1,1,0,1,8,1,52,2,54,2,53,0" doraHai="106,89" doraHaiUra="24,26" who="0" fromWho="0" sc="240,200,250,-60,240,-60,250,-60" /><INIT seed="0,1,0,4,1,66" ten="440,190,180,190" oya="0" hai0="32,42,127,75,16,33,102,128,20,61,77,63,24" hai1="119,29,84,38,134,23,113,28,54,47,43,95,130" hai2="21,85,2,59,129,69,80,99,109,31,34,17,41" hai3="65,67,105,106,18,121,19,110,132,3,72,79,10"/><T117/><D117/><U70/><E119/><V87/><F109/><W107/><G110/><T97/><D128/><U27/><E130/><V100/><F129/><W90/><G132/><T78/><D42/><U101/><E134/><V74/><F2/><W116/><G116/><T44/><D77/><U126/><E126/><V53/><F41/><W15/><G121/><T76/><D76/><U91/><E113/><V115/><F74/><W98/><G3/><T73/><D73/><U120/><E120/><V131/><F34/><W68/><G68/><T9/><D44/><U12/><E70/><V37/><F69/><W13/><G79/><T6/><D127/><U49/><E101/><V118/><F37/><W112/><G72/><T35/><D78/><U96/><E12/><V123/><F123/><W39/><G39/><T40/><D40/><U46/><REACH who="1" step="1"/><E96/><REACH who="1" ten="440,180,180,190" step="2"/><V52/><F99/><W0/><G0/><T89/><D75/><U64/><E64/><V51/><F115/><W55/><G112/><T50/><D102/><U86/><E86/><V81/><F100/><W71/><G71/><T125/><D97/><U135/><E135/><V25/><F118/><W104/><G65/><T133/><D125/><U11/><E11/><V7/><F85/><W45/><G67/><T5/><D9/><U111/><E111/><V58/><F87/><W124/><G124/><T30/><D133/><U26/><E26/><N who="2" m="14639" /><F131/><W83/><G98/><T8/><D24/><U88/><E88/><V1/><F1/><W94/><G90/><T36/><D89/><U103/><E103/><V48/><F7/><RYUUKYOKU ba="1,1" sc="440,-15,180,15,180,15,190,-15" hai1="23,27,28,29,38,43,46,47,49,54,84,91,95" hai2="25,31,48,51,52,53,58,59,80,81" /><INIT seed="1,2,1,0,4,120" ten="425,195,195,175" oya="1" hai0="33,128,71,23,4,3,48,75,108,88,135,126,74" hai1="43,38,130,73,16,64,36,62,2,22,37,92,101" hai2="9,63,131,96,104,58,17,25,8,47,19,117,80" hai3="70,86,57,55,123,105,26,40,93,109,66,94,11"/><U24/><E73/><V5/><F131/><W44/><G105/><T103/><D33/><U72/><E72/><V127/><F127/><W59/><G123/><T114/><D114/><U10/><E130/><V81/><F117/><W132/><G59/><T0/><D71/><U133/><E133/><V98/><F47/><W99/><G132/><T122/><D128/><U49/><E49/><V91/><F104/><W31/><G11/><T18/><D126/><U112/><E112/><V129/><F9/><W65/><G70/><T95/><D3/><U6/><E92/><V85/><F80/><W27/><G27/><T68/><D68/><U12/><E101/><V67/><F129/><W115/><G115/><T76/><D0/><U125/><E125/><V14/><F17/><W21/><G86/><T118/><D75/><U28/><E43/><V61/><F63/><W53/><G94/><T45/><D118/><U119/><E119/><V30/><F5/><W83/><G83/><T100/><D4/><U111/><E111/><V106/><REACH who="2" step="1"/><F106/><REACH who="2" ten="425,195,185,175" step="2"/><W77/><G44/><T54/><D135/><U121/><E121/><V15/><F15/><W20/><G109/><T39/><D122/><U41/><E41/><V52/><F52/><W90/><G55/><T113/><D108/><U34/><E38/><V107/><F107/><W13/><G40/><T79/><D39/><U134/><E134/><V51/><F51/><N who="3" m="30911" /><G77/><N who="0" m="29771" /><D113/><U35/><E35/><AGARI ba="2,2" hai="8,14,19,25,30,35,58,61,67,81,85,91,96,98" machi="35" ten="30,3900,0" yaku="1,1,7,1,53,1" doraHai="120" doraHaiUra="84" who="2" fromWho="1" sc="425,0,195,-45,185,65,175,0" /><INIT seed="2,0,0,5,0,14" ten="425,150,250,175" oya="2" hai0="121,6,36,33,124,62,26,51,128,101,104,55,20" hai1="42,10,105,64,41,25,132,71,66,31,87,83,115" hai2="108,19,53,23,21,37,24,47,102,95,8,81,35" hai3="112,72,79,54,61,45,44,77,125,28,84,133,93"/><V70/><F70/><W7/><G72/><T116/><D121/><U46/><E105/><V58/><F35/><W2/><G28/><T98/><D36/><U99/><E115/><V126/><F126/><W118/><G118/><T13/><D124/><U60/><E132/><V34/><F34/><W29/><G29/><T65/><D128/><U69/><E99/><N who="2" m="59775" /><F37/><W114/><G133/><T0/><D0/><U82/><E10/><V38/><F38/><W117/><G117/><T5/><D13/><U92/><E92/><V75/><F75/><W16/><G125/><T134/><D33/><U85/><E31/><V106/><F106/><W129/><G129/><T88/><D88/><U49/><E25/><N who="2" m="14527" /><F81/><W89/><G2/><T32/><D134/><U135/><E135/><V90/><F90/><W15/><G7/><T100/><D100/><U39/><E39/><V130/><F108/><W22/><G112/><T97/><D32/><U120/><E120/><V109/><F109/><W74/><G114/><T73/><D73/><U68/><E68/><V131/><F8/><W122/><G122/><T3/><D3/><U113/><E113/><V4/><F4/><N who="0" m="1642" /><D101/><U96/><E71/><V86/><F86/><W103/><G103/><T27/><D104/><U17/><E69/><V127/><F127/><W94/><G93/><T48/><D116/><U123/><E123/><V78/><F130/><W111/><G111/><T63/><D97/><U9/><E96/><V43/><F131/><W91/><G91/><T50/><D98/><U59/><E83/><V57/><F24/><W107/><G107/><RYUUKYOKU ba="0,0" sc="425,0,150,0,250,0,175,0" /><INIT seed="3,1,0,3,0,61" ten="425,150,250,175" oya="3" hai0="108,83,66,127,92,132,10,12,56,35,117,16,118" hai1="2,20,109,49,52,70,79,22,63,39,9,32,80" hai2="0,37,119,116,21,42,98,113,5,135,19,102,65" hai3="86,87,31,51,73,17,34,28,106,15,53,114,84"/><W105/><G73/><T18/><D35/><U112/><E112/><V48/><F113/><W90/><G114/><T27/><D108/><U129/><E32/><V122/><F37/><W75/><G75/><T134/><D127/><U45/><E109/><V97/><F135/><N who="0" m="51754" /><D92/><U41/><E129/><V85/><F85/><W89/><G105/><T33/><D83/><U36/><E36/><V121/><F0/><W62/><G62/><N who="0" m="38215" /><D18/><U55/><E55/><V14/><F116/><W67/><G106/><T30/><AGARI ba="1,0" hai="10,12,16,27,30,33,117,118" m="38215,51754" machi="30" ten="30,4000,0" yaku="20,1,52,1,54,1" doraHai="61" who="0" fromWho="0" sc="425,43,150,-11,250,-11,175,-21" /><INIT seed="4,0,0,3,2,95" ten="468,139,239,154" oya="0" hai0="15,25,27,131,104,50,53,126,62,125,38,55,76" hai1="3,61,86,56,17,11,28,81,64,84,6,88,2" hai2="100,102,30,74,9,103,72,96,26,39,107,123,19" hai3="33,105,32,69,49,48,35,99,23,119,115,13,18"/><T42/><D104/><U110/><E110/><V60/><F123/><W73/><G119/><T85/><D131/><U22/><E28/><V16/><F39/><W44/><G73/><T34/><D38/><U135/><E135/><V101/><F60/><W130/><G69/><T40/><D15/><U108/><E108/><V87/><F87/><W128/><G115/><T63/><D50/><U124/><E124/><V45/><F45/><W112/><G112/><T83/><D85/><U31/><E31/><V121/><F121/><W127/><G127/><T117/><D83/><U46/><E46/><V66/><F66/><W0/><G0/><T91/><D91/><U14/><REACH who="1" step="1"/><E84/><REACH who="1" ten="468,129,239,154" step="2"/><V114/><F114/><W67/><G130/><T89/><D126/><U133/><E133/><V118/><F72/><W75/><G75/><T52/><D125/><U97/><E97/><V5/><F74/><W92/><G128/><T120/><D120/><U10/><E10/><V37/><F118/><W57/><G105/><T65/><D117/><U78/><E78/><V43/><F9/><W24/><G44/><T122/><D76/><U113/><E113/><V90/><F107/><W20/><G35/><T4/><D34/><U129/><E129/><V79/><F79/><W12/><G33/><T134/><D134/><U58/><E58/><V94/><N who="2" m="25600" /><DORA hai="21" /><V8/><F96/><W71/><G32/><T1/><D122/><U59/><E59/><V41/><F8/><W47/><G47/><T7/><D63/><U116/><E116/><V68/><F37/><W80/><G57/><T132/><D132/><RYUUKYOKU ba="0,1" sc="468,-10,129,30,239,-10,154,-10" hai1="2,3,6,11,14,17,22,56,61,64,81,86,88" /><INIT seed="5,1,1,0,3,123" ten="458,159,229,144" oya="1" hai0="76,34,70,128,51,75,9,0,32,108,96,50,14" hai1="121,130,125,78,68,97,3,109,52,77,79,20,6" hai2="63,38,64,86,118,18,107,29,26,33,124,133,11" hai3="94,117,65,112,16,114,25,106,37,89,28,110,59"/><U103/><E121/><V17/><F118/><W56/><G106/><T134/><D108/><U55/><E68/><V1/><F38/><W45/><G117/><T87/><D75/><U72/><E72/><V58/><F124/><W120/><G120/><T21/><D0/><U24/><E125/><V12/><F133/><W100/><G100/><T104/><D70/><U132/><E132/><V113/><F113/><N who="3" m="43627" /><G65/><T119/><D21/><U71/><E71/><V42/><F42/><N who="3" m="22735" /><G110/><T83/><D128/><U57/><E130/><V47/><F47/><W91/><G91/><T88/><D104/><U7/><E109/><V84/><F107/><W5/><G5/><N who="1" m="1546" /><E3/><V98/><F1/><W36/><G36/><T101/><D119/><U30/><E57/><V27/><F98/><N who="3" m="57679" /><G16/><T19/><D134/><U41/><E41/><V35/><F18/><W92/><G92/><AGARI ba="1,1" hai="20,24,30,52,55,77,78,79,92,97,103" m="1546" machi="92" ten="30,2900,0" yaku="8,1,54,1" doraHai="123" who="1" fromWho="3" sc="458,0,159,42,229,0,144,-32" /><INIT seed="5,2,0,5,1,73" ten="458,201,229,112" oya="1" hai0="57,59,15,61,21,89,81,132,23,3,124,41,9" hai1="110,118,24,62,95,83,112,120,20,1,135,64,8" hai2="55,58,34,96,125,134,87,27,85,30,47,107,48" hai3="101,129,14,88,60,33,119,36,100,91,72,5,16"/><U80/><E118/><V108/><F125/><W115/><G72/><T103/><D3/><U133/><E120/><V114/><F134/><N who="1" m="51209" /><E112/><V18/><F108/><W26/><G115/><T70/><D70/><N who="1" m="42263" /><E110/><V29/><F114/><W7/><G36/><T84/><D124/><U17/><E95/><V98/><F107/><W122/><G122/><T106/><D41/><U65/><E65/><V117/><F117/><W52/><G129/><T31/><D132/><U0/><E8/><V39/><F30/><W67/><G119/><T93/><D31/><U79/><E80/><V54/><F18/><W10/><G26/><T78/><D59/><U109/><E109/><V76/><F39/><W40/><G33/><T97/><D57/><U69/><E69/><V13/><F27/><W37/><G37/><T105/><D105/><U74/><AGARI ba="2,0" hai="0,1,17,20,24,74,79,83" m="42263,51209" machi="74" ten="30,3000,0" yaku="20,1,52,1" doraHai="73" who="1" fromWho="1" sc="458,-12,201,36,229,-12,112,-12" /><INIT seed="5,3,0,0,0,120" ten="446,237,217,100" oya="1" hai0="85,59,47,117,52,65,56,45,17,46,4,21,92" hai1="134,96,98,105,125,135,95,6,110,7,60,103,20" hai2="69,67,25,127,23,22,44,116,83,24,54,99,62" hai3="36,66,107,32,68,84,11,81,55,1,79,121,12"/><U109/><E125/><V91/><F116/><W70/><G121/><T49/><D4/><N who="1" m="1579" /><E20/><V128/><F128/><W114/><G1/><T77/><D117/><U86/><E86/><V58/><F127/><W53/><G32/><T30/><D30/><U74/><E74/><V16/><F44/><N who="0" m="17002" /><D65/><U113/><E60/><V71/><F67/><W129/><G36/><T94/><D77/><U43/><E43/><V51/><F51/><W27/><G107/><T63/><D85/><U61/><E61/><V26/><F83/><W64/><G27/><N who="2" m="10313" /><F23/><W28/><G28/><T75/><D75/><U5/><N who="1" m="1587" /><U42/><DORA hai="97" /><E42/><V29/><F29/><W104/><G104/><T112/><D112/><U72/><E72/><V108/><F69/><W101/><G114/><T131/><D131/><U0/><E0/><V48/><F48/><W78/><G129/><T39/><D39/><U14/><E14/><V57/><F71/><W124/><G124/><T133/><D133/><N who="1" m="50699" /><E113/><V18/><F18/><W118/><G118/><T130/><D130/><U2/><E2/><V38/><F38/><W122/><G122/><T90/><D63/><U35/><E35/><V50/><F50/><W41/><G12/><T119/><D119/><U111/><E111/><V37/><F37/><W87/><G41/><T93/><D21/><U19/><E19/><V102/><F108/><W100/><REACH who="3" step="1"/><G81/><REACH who="3" ten="446,237,217,90" step="2"/><T3/><D3/><U15/><E15/><V89/><F26/><W73/><G73/><T34/><D34/><U9/><E9/><AGARI ba="3,1" hai="9,11,53,55,64,66,68,70,78,79,84,87,100,101" machi="9" ten="25,8000,1" yaku="1,1,22,2,52,2,53,0" doraHai="120,97" doraHaiUra="106,10" who="3" fromWho="1" sc="446,0,237,-89,217,0,90,99" /><INIT seed="6,0,0,5,1,90" ten="446,148,217,189" oya="2" hai0="123,2,112,19,75,86,3,113,54,5,4,115,65" hai1="45,125,129,128,43,73,33,83,23,0,11,9,132" hai2="1,84,124,82,116,119,38,94,107,42,64,111,70" hai3="89,50,88,40,69,46,31,35,98,87,61,106,58"/><V122/><F122/><W24/><G69/><T130/><D130/><U114/><E114/><V91/><F124/><W8/><G8/><T81/><D75/><U66/><E125/><V96/><F111/><W102/><REACH who="3" step="1"/><G87/><REACH who="3" ten="446,148,217,179" step="2"/><T68/><D123/><U118/><E118/><V14/><F116/><W97/><G97/><T93/><D68/><U92/><E11/><V101/><F119/><W100/><G100/><T80/><D86/><U104/><E9/><V62/><F1/><W108/><G108/><T25/><D3/><U15/><E0/><V16/><F38/><W77/><G77/><T59/><D2/><U57/><E132/><V29/><F101/><W63/><G63/><T99/><D115/><U21/><E129/><V134/><F62/><W37/><G37/><T22/><D113/><U60/><E128/><V121/><F70/><W6/><G6/><T67/><D5/><U56/><E60/><V52/><F84/><W28/><G28/><T41/><D4/><U105/><E73/><V135/><F29/><W10/><G10/><T27/><D99/><U76/><E76/><V72/><F96/><W74/><G74/><T79/><D79/><U131/><E131/><V120/><F72/><W18/><G18/><T39/><D19/><U12/><E105/><V44/><F107/><W55/><AGARI ba="0,1" hai="24,31,35,40,46,50,55,58,61,88,89,98,102,106" machi="55" ten="20,8000,1" yaku="1,1,0,1,7,1,54,1,53,1" doraHai="90" doraHaiUra="30" who="3" fromWho="3" sc="446,-20,148,-20,217,-40,179,90" /><INIT seed="7,0,0,4,3,115" ten="426,128,177,269" oya="3" hai0="33,104,93,12,13,117,42,30,28,5,131,48,89" hai1="32,11,87,53,128,45,112,134,68,130,3,108,111" hai2="114,29,129,94,50,4,133,9,15,7,85,1,106" hai3="75,78,82,18,101,22,88,135,47,76,16,54,10"/><W61/><G135/><T57/><D117/><U19/><E87/><V44/><F114/><W2/><G78/><T103/><D104/><U8/><E53/><V69/><F69/><W43/><G101/><T66/><D131/><N who="1" m="50219" /><E45/><V23/><F129/><W102/><G102/><T105/><D33/><U52/><E68/><V86/><F133/><W71/><G54/><T98/><D13/><N who="1" m="7615" /><E134/><V40/><F106/><W124/><G124/><T27/><D27/><U41/><E41/><V49/><F4/><W64/><G22/><T110/><D110/><N who="1" m="42027" /><E52/><V96/><F1/><W74/><G74/><T80/><D80/><U99/><E99/><V132/><F132/><W34/><G88/><T100/><D28/><U65/><E65/><V107/><F50/><W120/><G34/><T116/><D116/><U91/><E91/><N who="2" m="55391" /><F107/><W60/><G60/><N who="0" m="38159" /><D30/><U51/><E51/><V92/><F92/><W90/><G90/><T39/><D39/><U25/><E112/><V6/><F6/><N who="3" m="1367" /><G120/><T81/><D105/><U14/><E3/><V79/><F79/><W62/><G62/><T113/><D113/><U56/><E56/><V126/><F126/><W95/><G95/><T38/><D38/><AGARI ba="0,0" hai="16,18,38,43,47,61,64,71,75,76,82" m="1367" machi="38" ten="30,2900,0" yaku="25,1,54,1" doraHai="115" who="3" fromWho="0" sc="426,-29,128,0,177,0,269,29" /><INIT seed="7,1,0,5,3,76" ten="397,128,177,298" oya="3" hai0="21,61,79,86,135,4,96,72,103,67,31,65,131" hai1="55,110,116,18,123,2,130,113,64,32,56,101,111" hai2="60,24,134,45,54,119,8,92,23,124,66,10,59" hai3="99,83,121,17,122,133,39,53,44,26,37,70,129"/><W77/><G70/><T82/><D131/><U90/><E32/><V27/><F119/><W35/><G129/><T11/><D135/><U91/><E2/><V93/><F134/><W118/><G118/><T41/><D41/><U94/><E123/><V78/><F124/><W102/><G39/><T49/><D49/><U80/><E130/><V89/><F78/><W30/><G17/><T107/><D72/><U5/><E116/><V28/><F27/><W71/><G71/><T9/><D67/><U22/><E113/><V38/><F38/><W88/><G133/><T68/><D4/><U81/><E111/><V51/><F92/><W42/><G53/><T58/><REACH who="0" step="1"/><D68/><REACH who="0" ten="387,128,177,298" step="2"/><U85/><E110/><V19/><F19/><W87/><REACH who="3" step="1"/><G77/><REACH who="3" ten="387,128,177,288" step="2"/><T128/><D128/><U95/><E5/><V105/><F28/><W25/><G25/><AGARI ba="1,2" hai="9,11,21,25,31,58,61,65,79,82,86,96,103,107" machi="25" ten="40,2600,0" yaku="1,1,52,1,53,0" doraHai="76" doraHaiUra="114" who="0" fromWho="3" sc="387,49,128,0,177,0,288,-29" owari="436,53.6,128,-37.2,177,-22.3,259,5.9" /></mjloggm>