<mjloggm ver="2.3"><GO type="169" lobby="0"/><UN n0="%E7%99%BD%E8%8F%9C%E6%9D%A5%E6%89%93%E9%BA%BB%E5%B0%86%E4%BA%86" n1="%50%73%79%63%68%65" n2="%6D%61%74%6F%30%36%30%33" n3="%63%68%69%73%73" dan="16,16,17,16" rate="2084.95,2159.92,2214.04,2155.31" sx="F,M,M,M"/><TAIKYOKU oya="0"/><INIT seed="0,0,0,2,0,4" ten="250,250,250,250" oya="0" hai0="29,108,132,16,61,88,127,19,131,49,134,83,63" hai1="20,51,2,45,18,12,37,123,91,32,76,92,82" hai2="119,1,87,97,44,94,95,65,120,7,24,115,121" hai3="66,101,11,89,28,21,103,55,135,59,90,110,67"/><T130/><D29/><U23/><E32/><V86/><F115/><W15/><G110/><T30/><D30/><U122/><E37/><V40/><F65/><W41/><G41/><T124/><D108/><U133/><E2/><V22/><F119/><W68/><G135/><N who="0" m="51755" /><D49/><U9/><E133/><V60/><F60/><N who="0" m="23114" /><D88/><N who="3" m="33897" /><G68/><T113/><D83/><U116/><E116/><V114/><F114/><W111/><G111/><T72/><D72/><U70/><E70/><V43/><F43/><W50/><G67/><T56/><D56/><U104/><E104/><V102/><F1/><W31/><G66/><T73/><D73/><U14/><E123/><V106/><F7/><N who="3" m="3583" /><G31/><T129/><D113/><U64/><E64/><V100/><F120/><W47/><G59/><T85/><D85/><N who="1" m="48327" /><E122/><V8/><F121/><W74/><G74/><T81/><D81/><U96/><E14/><V6/><F87/><W52/><G55/><AGARI ba="0,0" hai="9,12,18,20,23,45,51,55,91,92,96" m="48327" machi="55" ten="30,2000,0" yaku="8,1,52,1" doraHai="4" who="1" fromWho="3" sc="250,0,250,20,250,0,250,-20" /><INIT seed="1,0,0,2,0,135" ten="250,270,250,230" oya="1" hai0="103,76,19,102,100,97,84,10,65,64,129,34,82" hai1="27,11,108,133,85,2,112,36,46,8,3,90,23" hai2="18,75,130,38,6,94,50,79,101,123,22,107,122" hai3="69,80,124,66,95,91,39,49,26,88,132,89,44"/><U42/><E112/><V58/><F38/><W60/><G132/><T119/><D34/><U32/><E133/><V15/><F107/><W51/><G124/><T0/><D119/><U128/><E32/><V48/><F130/><W63/><G63/><T87/><D129/><U121/><E121/><V35/><F35/><W118/><G118/><T31/><D31/><U72/><E72/><V93/><F6/><W59/><G80/><T20/><D97/><U73/><E73/><V125/><F75/><W55/><G26/><T54/><D10/><U134/><E134/><V117/><F117/><W16/><G16/><T25/><D0/><U7/><E128/><V1/><F1/><W17/><G17/><T127/><D54/><U33/><E33/><V104/><F79/><W74/><G74/><T99/><D99/><U9/><E108/><V70/><F70/><W4/><G4/><T111/><D111/><U126/><E126/><V67/><F125/><W86/><REACH who="3" step="1"/><G39/><REACH who="3" ten="250,270,250,220" step="2"/><T43/><D127/><U96/><E7/><V110/><F18/><W115/><G115/><T47/><REACH who="0" step="1"/><D87/><REACH who="0" ten="240,270,250,220" step="2"/><U78/><E85/><V21/><F110/><W68/><G68/><T116/><D116/><U53/><E3/><V77/><F122/><W24/><G24/><T57/><D57/><U114/><E2/><V41/><F58/><W14/><G14/><T131/><D131/><U113/><E113/><V45/><F15/><W109/><G109/><T12/><D12/><U98/><E114/><V120/><F120/><W52/><AGARI ba="0,2" hai="44,49,51,52,55,59,60,66,69,86,88,89,91,95" machi="52" ten="20,8000,1" yaku="1,1,0,1,7,1,54,2,53,0" doraHai="135" doraHaiUra="92" who="3" fromWho="3" sc="240,-20,270,-40,250,-20,220,100" /><INIT seed="2,0,0,0,1,79" ten="220,230,230,320" oya="2" hai0="39,6,22,69,49,110,26,38,34,92,11,42,71" hai1="121,75,24,23,62,55,5,103,105,45,47,83,94" hai2="76,66,44,95,40,54,58,82,61,133,46,7,59" hai3="116,90,4,17,125,73,99,0,31,1,48,122,88"/><V20/><F133/><W29/><G116/><T124/><D34/><U81/><E105/><V120/><F120/><W101/><G122/><T134/><D110/><U25/><E75/><V98/><F7/><W119/><G119/><T123/><D123/><U104/><E104/><V41/><F20/><W36/><G36/><T85/><D134/><U126/><E5/><V68/><F41/><W57/><G73/><T60/><D124/><U129/><E126/><V10/><F10/><W80/><G125/><T117/><D117/><U32/><E32/><V52/><F40/><W107/><G17/><T53/><D42/><U91/><E103/><V14/><F14/><W131/><G90/><T135/><D135/><U78/><E78/><V65/><F44/><N who="1" m="16969" /><E129/><V56/><F46/><W118/><G131/><T12/><D60/><U114/><E114/><V70/><F70/><W74/><G74/><T102/><D39/><U27/><E23/><V67/><F68/><W2/><G4/><T35/><D35/><U113/><E113/><V132/><F132/><W111/><G111/><T13/><D38/><U87/><E121/><V89/><REACH who="2" step="1"/><F61/><REACH who="2" ten="220,230,220,320" step="2"/><W127/><G127/><T33/><D69/><U30/><E30/><V106/><F106/><W84/><REACH who="3" step="1"/><G118/><REACH who="3" ten="220,230,220,310" step="2"/><T21/><D6/><U37/><E37/><V128/><F128/><W115/><G115/><T9/><D11/><U72/><E72/><AGARI ba="0,2" hai="52,54,56,58,59,65,66,67,72,76,82,89,95,98" machi="72" ten="40,7700,0" yaku="1,1,52,1,54,1,53,0" doraHai="79" doraHaiUra="3" who="2" fromWho="1" sc="220,0,230,-77,220,97,310,0" /><INIT seed="2,1,0,2,5,56" ten="220,153,317,310" oya="2" hai0="20,71,78,110,121,33,86,100,93,60,135,120,62" hai1="102,72,59,132,66,16,76,7,122,123,19,131,14" hai2="119,44,115,47,23,11,46,106,65,68,125,41,9" hai3="67,95,63,31,74,6,37,85,113,109,98,75,80"/><V30/><F115/><W79/><G109/><T112/><D110/><U49/><E102/><V38/><F119/><W88/><G113/><T53/><D33/><U3/><E3/><V103/><F125/><W96/><G37/><T2/><D2/><U130/><E76/><V128/><F128/><N who="1" m="49193" /><E72/><V15/><F106/><W4/><G74/><T92/><D112/><U64/><E132/><V69/><F103/><W116/><G116/><T70/><D135/><U22/><E7/><V25/><F9/><W117/><G117/><T104/><D104/><U42/><E19/><V126/><F126/><W101/><G31/><T89/><D20/><U73/><E73/><V134/><F134/><W45/><G45/><T39/><D39/><U124/><E124/><V83/><F83/><W54/><G54/><T84/><D53/><N who="1" m="32175" /><E42/><V35/><F35/><W129/><G129/><T13/><D13/><U118/><E118/><V99/><F99/><W61/><G98/><T12/><D12/><U50/><E50/><V94/><F94/><W21/><G21/><T108/><D100/><U77/><E77/><V17/><REACH who="2" step="1"/><F69/><REACH who="2" ten="220,153,307,310" step="2"/><W28/><G101/><T133/><D133/><U58/><E123/><V26/><F26/><W111/><G111/><T114/><D108/><U90/><E122/><N who="0" m="47209" /><D114/><U18/><E22/><V51/><F51/><W29/><G96/><T48/><D48/><U36/><E36/><V52/><F52/><W81/><G95/><T127/><D127/><U105/><E105/><V107/><F107/><W57/><G81/><N who="0" m="47159" /><D93/><U24/><E24/><V10/><F10/><W5/><G80/><RYUUKYOKU ba="1,1" sc="220,15,153,-15,307,15,310,-15" hai0="60,62,70,71,86,89,92" hai2="11,15,17,23,25,30,38,41,44,46,47,65,68" /><INIT seed="2,2,1,2,5,42" ten="235,138,322,295" oya="2" hai0="91,36,129,51,28,82,65,53,54,76,30,57,41" hai1="15,0,86,17,121,107,134,87,135,72,33,119,14" hai2="2,101,48,39,110,26,109,94,60,1,78,84,120" hai3="131,4,97,99,23,58,7,95,5,69,85,127,116"/><V52/><F120/><W75/><G75/><T34/><D129/><U83/><E119/><V79/><F39/><W49/><G69/><T50/><D65/><U22/><E107/><V128/><F128/><W73/><G73/><T102/><D102/><U61/><E33/><V21/><F60/><W46/><G116/><T12/><D34/><U111/><E0/><V67/><F67/><W20/><G131/><T11/><D91/><U126/><E111/><N who="2" m="42507" /><F101/><W35/><G35/><T114/><D41/><U118/><E118/><V38/><F38/><W81/><G127/><T130/><D36/><U89/><E126/><V112/><F112/><W106/><G58/><T9/><D114/><U92/><E72/><V8/><F94/><W77/><G106/><T105/><D105/><U125/><E125/><V124/><F124/><W74/><G74/><T55/><D130/><U44/><E61/><V29/><F84/><W115/><G115/><T6/><D9/><U40/><E121/><V24/><F24/><W64/><G64/><T93/><D93/><U104/><E104/><V103/><F103/><W25/><G95/><T122/><D122/><U31/><E92/><V88/><F88/><W100/><G100/><T133/><D11/><U10/><E87/><V70/><F70/><W108/><G108/><T98/><D98/><N who="3" m="37385" /><G25/><T113/><D113/><U123/><E123/><V63/><F63/><W37/><G37/><T56/><D82/><U62/><E62/><V117/><F117/><W13/><G13/><T45/><D12/><U3/><E15/><V71/><F71/><W19/><G19/><RYUUKYOKU ba="2,1" sc="235,-10,138,-10,322,-10,295,30" hai3="4,5,7,20,23,46,49,77,81,85" /><INIT seed="3,3,1,0,0,92" ten="225,128,312,325" oya="3" hai0="63,114,98,94,126,122,115,65,28,53,40,54,82" hai1="49,79,134,118,125,51,21,5,35,109,133,66,38" hai2="23,17,8,57,37,135,4,42,39,64,1,88,106" hai3="30,74,3,34,55,61,104,67,24,46,87,84,83"/><W11/><G104/><T120/><D40/><U85/><E35/><V59/><F135/><N who="1" m="51721" /><E38/><V127/><F127/><W27/><G3/><T131/><D82/><N who="1" m="47327" /><E125/><V75/><F75/><W101/><G74/><T47/><D126/><U7/><E109/><V68/><F68/><W26/><G11/><T124/><D124/><U12/><E66/><V72/><F72/><W128/><G101/><T33/><D131/><U78/><E78/><V117/><F117/><W123/><G128/><T2/><D2/><U95/><E118/><V119/><F119/><W113/><G123/><T129/><D129/><U71/><E71/><V80/><F106/><W107/><G107/><T100/><D120/><U69/><E69/><V105/><F105/><W70/><G113/><N who="0" m="43019" /><D47/><U97/><E21/><V9/><F9/><W112/><G112/><T22/><D33/><U121/><E121/><V50/><F64/><W90/><REACH who="3" step="1"/><G84/><REACH who="3" ten="225,128,312,315" step="2"/><T36/><D122/><U96/><E7/><V52/><F4/><W103/><G103/><T73/><D73/><U91/><E5/><V58/><F8/><W10/><G10/><T111/><D111/><U16/><E97/><V20/><F1/><W6/><G6/><T19/><D98/><U110/><E110/><V89/><F17/><W62/><G62/><T15/><D63/><U76/><E96/><V29/><F29/><W132/><G132/><T25/><D28/><U93/><E16/><V0/><F0/><W60/><G60/><T116/><D19/><U99/><E99/><V44/><F20/><W43/><G43/><T41/><D100/><U86/><E86/><RYUUKYOKU ba="3,2" sc="225,-10,128,-10,312,-10,315,30" hai3="24,26,27,30,34,46,55,61,67,70,83,87,90" /><INIT seed="3,4,2,0,3,46" ten="215,118,302,345" oya="3" hai0="37,134,38,96,88,93,133,128,90,5,124,81,115" hai1="25,130,79,94,101,35,98,104,16,12,18,58,108" hai2="69,118,1,43,51,20,42,109,113,121,123,36,120" hai3="102,11,68,27,132,116,4,82,70,67,0,2,32"/><W48/><G116/><T60/><D5/><U105/><E108/><V78/><F1/><W114/><G114/><T62/><D115/><U45/><E130/><V47/><F113/><W26/><G132/><N who="0" m="50795" /><D128/><U131/><E131/><V61/><F118/><W127/><G127/><T44/><D124/><U30/><E79/><V31/><F78/><W3/><G82/><T110/><D110/><U125/><E125/><V129/><F129/><W34/><G4/><T95/><D81/><U106/><E58/><V6/><F6/><W73/><G73/><T23/><D23/><U74/><E74/><V89/><F109/><W87/><G11/><T54/><D60/><U76/><E76/><V39/><F43/><W59/><G87/><N who="0" m="52383" /><D62/><U97/><E97/><V92/><F31/><W55/><G102/><T10/><D10/><U22/><E18/><V56/><F20/><W8/><G8/><T66/><D66/><U21/><REACH who="1" step="1"/><E45/><REACH who="1" ten="215,108,302,345" step="2"/><V119/><F119/><W64/><G68/><T63/><D63/><U33/><AGARI ba="4,3" hai="12,16,21,22,25,30,33,35,94,98,101,104,105,106" machi="33" ten="40,8000,1" yaku="1,1,2,1,0,1,54,1,53,0" doraHai="46" doraHaiUra="7" who="1" fromWho="1" sc="215,-24,108,122,302,-24,345,-44" /><INIT seed="4,0,0,5,3,109" ten="191,230,278,301" oya="0" hai0="120,25,76,92,1,87,113,58,7,10,67,100,34" hai1="121,47,23,86,9,8,22,66,62,38,26,135,96" hai2="88,63,6,116,104,72,119,126,108,15,54,59,12" hai3="30,3,105,78,29,132,45,55,91,60,106,61,84"/><T14/><D120/><U32/><E121/><V114/><F108/><W111/><G111/><T42/><D42/><U57/><E135/><V36/><F72/><W41/><G3/><T24/><D1/><U110/><E110/><V130/><F104/><W123/><G132/><T18/><D34/><U19/><E32/><V51/><F36/><W27/><G78/><T39/><D39/><U95/><E86/><V107/><F107/><W115/><G123/><T56/><D113/><U21/><E38/><V131/><F126/><W2/><G2/><T125/><D125/><U127/><E47/><V77/><F77/><W53/><G84/><T37/><D37/><U33/><E127/><V81/><F63/><W82/><G91/><N who="0" m="53375" /><D100/><N who="1" m="60447" /><E33/><V17/><F81/><W28/><G82/><T35/><D76/><U122/><E122/><V5/><F88/><W49/><G115/><T134/><D134/><U128/><E128/><N who="2" m="49195" /><F114/><W102/><G27/><N who="0" m="10315" /><D35/><U85/><E85/><V20/><F12/><W70/><G105/><T129/><D129/><U31/><E23/><V43/><F43/><W103/><G106/><T69/><D69/><U75/><E75/><V93/><F93/><W97/><G70/><T71/><D71/><U133/><E133/><V90/><F90/><W101/><REACH who="3" step="1"/><G97/><REACH who="3" ten="191,230,278,291" step="2"/><T80/><D80/><U73/><E73/><V50/><F15/><AGARI ba="0,1" hai="8,9,15,19,21,22,26,31,57,62,66" m="60447" machi="15" ten="30,2000,0" yaku="25,1,8,1" doraHai="109" who="1" fromWho="2" sc="191,0,230,30,278,-20,291,0" /><INIT seed="5,0,0,2,0,107" ten="191,260,258,291" oya="1" hai0="76,85,5,119,18,95,64,15,120,34,98,35,112" hai1="114,1,22,132,126,37,82,135,17,40,41,69,54" hai2="125,89,25,129,36,43,50,62,55,60,109,106,73" hai3="20,118,134,77,122,14,16,123,117,65,111,71,83"/><U104/><E104/><V113/><F109/><W23/><G111/><T96/><D119/><N who="3" m="45577" /><G134/><N who="1" m="51242" /><E69/><V116/><F116/><W24/><G65/><T128/><D128/><U58/><E1/><V31/><F129/><W9/><G71/><T70/><D112/><U94/><E114/><V101/><F113/><W49/><G49/><T0/><D120/><U86/><E94/><V7/><F125/><W133/><G133/><T26/><D96/><U6/><E6/><V45/><F7/><N who="3" m="3391" /><G23/><T79/><D85/><AGARI ba="0,0" hai="16,20,24,77,83,85,122,123" m="3391,45577" machi="85" ten="30,2000,0" yaku="12,1,54,1" doraHai="107" who="3" fromWho="0" sc="191,-20,260,0,258,0,291,20" /><INIT seed="6,0,0,1,2,56" ten="171,260,258,311" oya="2" hai0="120,7,115,117,121,127,87,95,99,57,53,83,125" hai1="118,98,44,45,15,92,42,24,31,1,85,131,103" hai2="43,54,29,81,64,101,33,105,6,129,34,113,70" hai3="109,88,135,74,75,17,108,133,69,32,50,97,106"/><V58/><F43/><W77/><G69/><T48/><D115/><U73/><E118/><V63/><F113/><W20/><G32/><T122/><D7/><U119/><E119/><V35/><F129/><W5/><G5/><T91/><REACH who="0" step="1"/><D117/><REACH who="0" ten="161,260,258,311" step="2"/><U52/><E131/><V8/><F6/><W47/><G108/><T18/><D18/><U26/><E1/><V128/><F128/><W40/><G109/><T89/><AGARI ba="0,1" hai="48,53,57,83,87,89,91,95,99,120,121,122,125,127" machi="89" ten="40,5200,0" yaku="1,1,0,1,53,1" doraHai="56" doraHaiUra="51" who="0" fromWho="0" sc="161,62,260,-13,258,-26,311,-13" /><INIT seed="7,0,0,3,5,126" ten="223,247,232,298" oya="3" hai0="130,78,1,42,24,81,92,71,27,13,6,112,44" hai1="28,5,10,36,102,76,117,72,128,70,37,0,90" hai2="51,55,87,107,14,133,2,63,86,124,22,113,99" hai3="17,47,80,50,30,12,60,69,68,94,56,16,46"/><W29/><G80/><T9/><D112/><U132/><E90/><V32/><F2/><W7/><G94/><T23/><D71/><U109/><E109/><V3/><F3/><W53/><G68/><T100/><D130/><U26/><E102/><V58/><F32/><W93/><G69/><T61/><D61/><U123/><E123/><V31/><F113/><W118/><G47/><T33/><D33/><N who="1" m="20631" /><E70/><V101/><F124/><W57/><G118/><T110/><D110/><U20/><E20/><V119/><F119/><W39/><G39/><N who="1" m="14922" /><E117/><V64/><F133/><W15/><G93/><T88/><D100/><U91/><E91/><V131/><F131/><W21/><G7/><T18/><D81/><N who="1" m="45191" /><E132/><V111/><F111/><W84/><G84/><T114/><D114/><U98/><E98/><V95/><F107/><W73/><G73/><T52/><D78/><U4/><E4/><V121/><F121/><W35/><G35/><T67/><D67/><U40/><E40/><V129/><F129/><AGARI ba="0,0" hai="0,5,10,128,129" m="45191,14922,20631" machi="129" ten="30,3900,0" yaku="23,1,52,2" doraHai="126" who="1" fromWho="2" sc="223,0,247,39,232,-39,298,0" /><INIT seed="8,0,0,5,4,42" ten="223,286,193,298" oya="0" hai0="55,75,40,16,100,24,76,119,113,128,30,7,70" hai1="92,114,130,19,121,73,129,123,61,43,91,105,33" hai2="44,97,69,87,37,1,3,32,79,23,85,63,67" hai3="117,133,90,8,35,102,39,5,99,28,101,109,131"/><T86/><D113/><U106/><E33/><V72/><F32/><W104/><G109/><T0/><D119/><U60/><E19/><V29/><F72/><W26/><G90/><T6/><D70/><U78/><E43/><V48/><F37/><W127/><G39/><T83/><D128/><N who="1" m="49259" /><E61/><V111/><F111/><W9/><G131/><T13/><D0/><U77/><E60/><V71/><F71/><W58/><G117/><T12/><D100/><U46/><E46/><V38/><F38/><W81/><G127/><T125/><D75/><U122/><E114/><V20/><F97/><W27/><G133/><T45/><D55/><U52/><E52/><V84/><F79/><N who="1" m="30217" /><E73/><V21/><REACH who="2" step="1"/><F29/><REACH who="2" ten="223,286,183,298" step="2"/><W10/><G28/><T17/><D125/><U15/><E15/><V82/><F82/><W94/><G81/><T112/><D112/><U64/><E64/><V124/><F124/><W18/><G35/><T115/><D115/><U50/><E50/><V88/><F88/><W62/><G99/><AGARI ba="0,1" hai="91,92,99,105,106,121,122,123" m="30217,49259" machi="99" ten="40,5200,0" yaku="19,1,34,2" doraHai="42" who="1" fromWho="3" sc="223,0,286,62,183,0,298,-52" owari="223,-17.7,348,44.8,183,-31.7,246,4.6" /></mjloggm>