<mjloggm ver="2.3"><GO type="169" lobby="0"/><UN n0="%E6%B4%AA%E6%B0%B4%E6%A9%8B%41%33%34" n1="%E5%8C%97%E5%A4%A9%E7%A5%9E%E3%81%AE%E7%94%9F%E8%8F%9C" n2="%E5%8F%A4%E6%96%AF%E5%A1%94%E5%A4%AB%E4%BA%8C%E4%B8%96" n3="%6B%75%73%6F%E6%AD%A3%E5%AE%97" dan="16,16,16,16" rate="2083.27,2109.75,2126.50,2095.01" sx="M,F,M,M"/><TAIKYOKU oya="0"/><INIT seed="0,0,0,3,0,78" ten="250,250,250,250" oya="0" hai0="61,63,95,21,35,66,24,118,41,60,119,51,129" hai1="38,120,122,5,33,17,8,54,49,107,43,62,2" hai2="20,104,25,53,40,87,28,71,94,108,13,127,57" hai3="105,58,83,4,32,47,3,56,27,72,99,7,55"/><T48/><D35/><U65/><E107/><V39/><F104/><W114/><G114/><T68/><D95/><U29/><E29/><V131/><F108/><W12/><G3/><T98/><D98/><U23/><E33/><V31/><F71/><W73/><G73/><T110/><D21/><U6/><E6/><V14/><F131/><W26/><G47/><N who="0" m="25711" /><D24/><U1/><E1/><V9/><F127/><W128/><G128/><T97/><D97/><U67/><E67/><V91/><F31/><W42/><G12/><T86/><D86/><U69/><E43/><V106/><F106/><W102/><G42/><T75/><D75/><U45/><REACH who="1" step="1"/><E38/><REACH who="1" ten="250,240,250,250" step="2"/><V34/><F39/><W130/><G32/><T135/><D129/><U37/><E37/><V82/><F40/><W15/><G4/><T116/><D110/><U89/><E89/><V96/><F34/><W85/><G130/><T50/><D135/><U77/><E77/><N who="2" m="46543" /><F9/><W52/><G105/><T100/><D100/><U92/><E92/><V22/><F22/><W115/><G102/><T70/><D66/><U11/><E11/><V18/><F28/><W76/><G76/><T126/><D126/><U132/><E132/><V112/><F112/><W123/><G115/><T16/><D16/><U124/><E124/><V134/><F134/><W113/><G7/><T125/><D125/><U101/><E101/><V10/><F10/><W59/><G113/><T80/><D80/><U133/><E133/><V19/><F19/><W0/><G83/><T84/><D84/><U64/><E64/><V30/><F30/><W90/><G0/><RYUUKYOKU ba="0,1" sc="250,10,240,10,250,10,250,-30" hai0="50,51,60,61,63,68,70,116,118,119" hai1="2,5,8,17,23,45,49,54,62,65,69,120,122" hai2="13,14,18,20,25,53,57,91,94,96" /><INIT seed="0,1,1,5,3,96" ten="260,250,260,220" oya="0" hai0="89,110,7,11,46,63,85,61,115,39,36,58,127" hai1="52,55,9,10,50,29,64,42,4,117,17,99,105" hai2="133,28,25,114,74,37,27,95,8,100,107,125,47" hai3="53,31,75,108,68,94,20,128,112,43,101,103,65"/><T16/><D115/><U44/><E117/><V32/><F114/><W109/><G112/><T33/><D33/><U14/><E29/><V91/><F74/><W87/><G75/><T83/><D127/><U90/><E64/><V77/><F125/><W92/><G43/><T119/><D119/><U88/><E105/><V15/><F133/><W130/><G53/><T38/><D110/><N who="3" m="42601" /><G65/><T5/><D46/><U19/><E19/><V30/><F77/><W84/><G68/><T3/><D5/><U26/><E26/><V21/><F47/><W62/><G62/><T120/><D120/><U22/><E10/><V56/><F37/><W73/><G73/><T106/><D106/><U76/><E76/><V12/><F56/><W0/><G0/><T124/><D124/><U72/><E72/><V70/><F70/><W132/><G132/><T123/><D123/><U48/><E99/><V81/><F107/><W23/><G23/><T111/><D111/><U129/><E129/><N who="3" m="49770" /><G20/><T86/><D58/><N who="1" m="33031" /><E42/><V2/><F2/><W113/><G31/><T6/><D6/><U121/><E121/><V18/><F30/><W1/><G1/><T71/><D71/><U134/><E134/><V93/><F32/><W35/><G35/><T24/><D24/><U79/><E79/><V66/><F27/><W102/><G113/><T34/><D34/><U69/><E69/><V13/><F28/><W104/><G104/><T60/><D16/><U118/><E118/><V80/><F66/><W57/><G57/><T116/><D116/><U54/><E54/><V49/><F18/><W45/><G45/><RYUUKYOKU ba="1,1" sc="260,10,250,10,260,-30,220,10" hai0="3,7,11,36,38,39,60,61,63,83,85,86,89" hai1="4,9,14,17,22,44,50,55,88,90" hai3="84,87,92,94,101,102,103" /><INIT seed="0,2,1,0,4,100" ten="270,260,230,230" oya="0" hai0="57,118,121,92,64,43,85,56,126,9,66,95,32" hai1="106,96,12,16,38,117,103,5,29,14,99,65,80" hai2="133,30,122,7,1,8,108,44,76,34,55,86,70" hai3="28,35,129,90,71,125,3,11,6,104,51,45,114"/><T94/><D118/><U17/><E117/><V131/><F122/><W19/><G114/><T113/><D113/><U132/><E38/><V68/><F108/><W77/><G71/><T53/><D121/><U123/><E123/><V15/><F131/><W67/><G67/><T84/><D32/><U134/><E65/><N who="0" m="25193" /><D126/><U36/><E36/><V89/><F133/><N who="1" m="51305" /><E29/><V78/><F1/><W116/><G125/><T98/><D43/><U105/><E80/><V82/><F70/><W81/><G129/><T61/><D56/><U69/><E69/><V58/><F44/><W107/><G116/><T27/><D98/><N who="1" m="37419" /><E103/><V97/><F97/><W60/><G60/><T73/><D73/><U101/><E101/><V37/><F37/><W10/><G90/><T46/><D46/><U18/><E5/><V13/><F68/><W111/><G111/><T40/><D40/><U0/><E0/><V130/><F130/><W93/><G28/><T59/><D59/><U25/><E25/><V21/><F34/><W75/><G35/><T87/><D27/><U24/><E24/><N who="2" m="16655" /><F13/><AGARI ba="2,1" hai="12,13,14,16,17,18,105,106" m="37419,51305" machi="13" ten="40,12000,2" yaku="28,2,20,1,52,2,54,1" doraHai="100" who="1" fromWho="2" sc="270,0,260,136,230,-126,230,0" /><INIT seed="1,0,0,0,3,69" ten="270,396,104,230" oya="1" hai0="98,38,30,49,57,125,13,117,53,124,95,18,85" hai1="118,9,123,43,72,39,67,31,128,122,44,90,75" hai2="51,81,26,34,14,50,103,134,96,19,12,35,106" hai3="25,88,82,113,109,105,131,10,135,76,8,66,65"/><U99/><E118/><V2/><F134/><W28/><G113/><T112/><D30/><U107/><E128/><V114/><F2/><W94/><G105/><T116/><D112/><U58/><E9/><V79/><F114/><W3/><G135/><T100/><D85/><U48/><E90/><V63/><F14/><W47/><G109/><T59/><D59/><U56/><E31/><V84/><F63/><W62/><G131/><T45/><D57/><U89/><E58/><V7/><F7/><W54/><G54/><T20/><REACH who="0" step="1"/><D38/><REACH who="0" ten="260,396,104,230" step="2"/><U101/><E48/><V92/><F106/><W87/><G47/><T61/><D61/><U71/><E56/><V4/><F4/><W5/><G62/><T42/><D42/><U120/><E89/><V97/><F97/><W126/><G126/><AGARI ba="0,1" hai="13,18,20,45,49,53,95,98,100,116,117,124,125,126" machi="126" ten="40,2600,0" yaku="1,1,18,1,53,0" doraHai="69" doraHaiUra="121" who="0" fromWho="3" sc="260,36,396,0,104,0,230,-26" /><INIT seed="2,0,0,3,3,0" ten="296,396,104,204" oya="2" hai0="30,38,100,87,107,121,32,124,73,94,116,28,96" hai1="9,29,25,97,36,126,69,59,113,83,23,50,103" hai2="61,58,62,21,18,118,2,131,74,15,5,117,129" hai3="64,78,105,104,119,80,56,60,43,33,4,134,67"/><V49/><F74/><W47/><G119/><T89/><D116/><U92/><E113/><V130/><F49/><W14/><G134/><T91/><D121/><U39/><E126/><V93/><F93/><W12/><G33/><T133/><D38/><U16/><E69/><V110/><F62/><W27/><G27/><T85/><D124/><U101/><E83/><V11/><REACH who="2" step="1"/><F110/><REACH who="2" ten="296,396,94,204" step="2"/><W108/><G108/><T19/><D73/><U48/><E48/><V70/><F70/><W106/><G106/><T82/><D133/><U112/><E36/><V24/><F24/><W128/><G105/><T72/><D72/><U22/><E39/><V34/><F34/><W86/><G104/><T20/><D32/><U3/><E50/><V99/><F99/><W1/><G60/><T41/><D41/><U45/><E92/><V122/><F122/><W66/><G43/><T63/><D63/><U135/><E97/><V88/><F88/><W125/><G78/><T123/><D123/><U17/><E25/><AGARI ba="0,1" hai="19,20,25,28,30,82,85,87,89,91,94,96,100,107" machi="25" ten="30,1000,0" yaku="7,1" doraHai="0" who="0" fromWho="1" sc="296,20,396,-10,94,0,204,0" /><INIT seed="3,0,0,4,5,30" ten="316,386,94,204" oya="3" hai0="85,103,28,24,73,35,121,23,80,117,119,87,41" hai1="94,2,55,122,46,49,97,26,110,57,84,123,134" hai2="96,56,17,52,89,5,79,39,1,108,43,40,32" hai3="21,109,101,34,127,100,98,69,60,104,3,83,51"/><W120/><G120/><T76/><D121/><U115/><E115/><V105/><F108/><W59/><G109/><T125/><D125/><U54/><E110/><V74/><F1/><W106/><G3/><T10/><D103/><U114/><E114/><V88/><F5/><W111/><G111/><T7/><D41/><U6/><E134/><V4/><F4/><W102/><G127/><T64/><D64/><U15/><E84/><V13/><F32/><W42/><G34/><T0/><REACH who="0" step="1"/><D23/><REACH who="0" ten="306,386,94,204" step="2"/><U14/><E122/><V48/><F40/><W45/><G106/><T31/><D31/><U77/><E123/><V124/><F124/><W68/><G21/><T29/><D29/><U70/><E2/><V27/><F43/><W50/><G69/><T78/><D78/><U22/><E77/><V38/><F79/><W61/><G68/><T82/><D82/><U107/><E70/><V116/><F105/><W12/><G83/><T44/><D44/><U11/><E107/><V9/><F116/><AGARI ba="0,1" hai="0,7,10,24,28,35,73,76,80,85,87,116,117,119" machi="116" ten="40,2600,0" yaku="1,1,52,1,53,0" doraHai="30" doraHaiUra="128" who="0" fromWho="2" sc="306,36,386,0,94,-26,204,0" /><INIT seed="4,0,0,4,4,45" ten="342,386,68,204" oya="0" hai0="122,82,47,61,57,25,64,22,74,11,116,90,66" hai1="29,91,10,97,3,37,128,78,59,8,81,5,67" hai2="85,34,112,4,65,30,113,129,17,40,31,1,9" hai3="120,87,105,6,16,14,62,104,54,51,76,126,72"/><T12/><D116/><U15/><E128/><V38/><F65/><W35/><G35/><T95/><D122/><U111/><E111/><V83/><F38/><W100/><G72/><T108/><D108/><U110/><E37/><V135/><F40/><W18/><G120/><T86/><D74/><U48/><E110/><V127/><F85/><W50/><G126/><T134/><D134/><U130/><E130/><V7/><F83/><N who="3" m="47591" /><G105/><T101/><D64/><U53/><E29/><V63/><F63/><W24/><G104/><T41/><D101/><U33/><E33/><V56/><F127/><W39/><G39/><T121/><D121/><U2/><E10/><V69/><F69/><W60/><G100/><T73/><D73/><U77/><E67/><V43/><F129/><W42/><G6/><T20/><D25/><U28/><E28/><V106/><F4/><W103/><G103/><T21/><D82/><U123/><E123/><V107/><F107/><W99/><G99/><T88/><D90/><U44/><E2/><V133/><F106/><W55/><G42/><T32/><D32/><U118/><E3/><V46/><F43/><W70/><G70/><T115/><D115/><U96/><E118/><V68/><F34/><W109/><G24/><T19/><REACH who="0" step="1"/><D11/><REACH who="0" ten="332,386,68,204" step="2"/><U125/><E125/><V13/><F113/><W36/><G109/><T71/><D71/><U27/><E27/><V124/><F112/><W79/><G79/><N who="1" m="30218" /><E91/><V80/><F124/><W0/><G36/><AGARI ba="0,1" hai="12,19,20,21,22,36,41,47,57,61,66,86,88,95" machi="36" ten="30,11600,0" yaku="1,1,7,1,54,1,53,1" doraHai="45" doraHaiUra="89" who="0" fromWho="3" sc="332,126,386,0,68,0,204,-116" /><INIT seed="4,1,0,3,0,131" ten="458,386,68,88" oya="0" hai0="91,86,120,116,75,99,26,6,89,79,14,58,18" hai1="118,101,17,80,113,21,93,129,33,51,100,22,114" hai2="125,104,123,127,63,72,10,102,57,66,65,19,94" hai3="62,85,71,73,96,76,67,46,1,47,107,13,108"/><T90/><D116/><U68/><E118/><V88/><F123/><W16/><G1/><T15/><D120/><U39/><E68/><V41/><F72/><W0/><G0/><T49/><D75/><U83/><E39/><V78/><F78/><W82/><G108/><T20/><D99/><U24/><E129/><V7/><F41/><W43/><G73/><T64/><D6/><U122/><E122/><V84/><F19/><W132/><G132/><T48/><D48/><U37/><E37/><V44/><F44/><W95/><G107/><T42/><D42/><U61/><E33/><V106/><F66/><W4/><G4/><T103/><D103/><U8/><E8/><V9/><F9/><W112/><G112/><N who="1" m="43114" /><E61/><V28/><F28/><W30/><G30/><T35/><D35/><U31/><E51/><V56/><F56/><W11/><REACH who="3" step="1"/><G43/><REACH who="3" ten="458,386,68,78" step="2"/><T134/><D134/><U38/><E38/><V59/><F106/><W12/><G12/><T25/><D14/><N who="1" m="9399" /><E101/><AGARI ba="1,1" hai="11,13,16,46,47,62,67,71,76,82,85,95,96,101" machi="101" ten="30,3900,0" yaku="1,1,7,1,54,1,53,0" doraHai="131" doraHaiUra="23" who="3" fromWho="1" sc="458,0,386,-42,68,0,78,52" /><INIT seed="5,0,0,2,3,39" ten="458,344,68,130" oya="1" hai0="91,10,3,131,98,22,117,134,74,130,104,52,19" hai1="5,23,113,119,62,90,15,95,0,14,73,118,102" hai2="67,35,83,89,6,70,36,66,11,63,132,47,48" hai3="124,125,40,116,30,42,78,129,21,59,68,16,97"/><U60/><E113/><V105/><F132/><W13/><G68/><T123/><D117/><U25/><E73/><V28/><F105/><W75/><G116/><T114/><D74/><U38/><E38/><V34/><F67/><W82/><G129/><N who="0" m="49163" /><D134/><U84/><E0/><V27/><F36/><W12/><G30/><T37/><D37/><U9/><E15/><V8/><F35/><W2/><G2/><T122/><D114/><U32/><E32/><V1/><F11/><W18/><G59/><T107/><D52/><U56/><E62/><V103/><F103/><W49/><G97/><T17/><D91/><U4/><E102/><V41/><F89/><W20/><G49/><T64/><D64/><U112/><E4/><V86/><F86/><W79/><G78/><T72/><D72/><U101/><E101/><V126/><REACH who="2" step="1"/><F83/><REACH who="2" ten="458,344,58,130" step="2"/><W69/><G69/><T99/><D104/><U61/><E112/><V43/><F43/><AGARI ba="0,1" hai="12,13,16,18,20,21,40,42,43,75,79,82,124,125" machi="43" ten="40,8000,1" yaku="9,1,52,3,54,1" doraHai="39" who="3" fromWho="2" sc="458,0,344,0,58,-80,130,90" owari="458,55.8,344,14.4,-22,-52.2,220,-18.0" /></mjloggm>