<mjloggm ver="2.3"><GO type="169" lobby="0"/><UN n0="%74%6F%69%74%6F%69%34" n1="%E3%83%94%E3%82%AC%E3%82%B7" n2="%61%6E%79%61%64%72%61" n3="%E7%8A%AC%E5%B1%B1" dan="17,17,16,16" rate="2209.08,2183.21,2091.84,2066.95" sx="F,M,M,M"/><TAIKYOKU oya="0"/><INIT seed="0,0,0,5,3,72" ten="250,250,250,250" oya="0" hai0="69,51,32,124,24,128,12,85,99,67,68,70,11" hai1="76,6,23,109,100,135,113,118,125,15,90,30,2" hai2="16,0,21,84,37,61,127,129,96,10,74,112,49" hai3="57,36,91,81,116,47,80,60,42,35,4,20,55"/><T115/><D115/><U130/><E113/><V22/><F37/><W38/><G35/><T31/><D124/><U133/><E118/><V3/><F112/><W111/><G111/><T18/><D128/><U87/><E109/><V103/><F127/><W110/><G110/><T134/><D134/><U46/><E125/><V95/><F74/><W13/><G116/><T52/><D99/><U39/><E100/><V33/><F33/><W43/><G91/><T75/><D75/><U77/><E2/><V59/><F49/><W8/><REACH who="3" step="1"/><G20/><REACH who="3" ten="250,250,250,240" step="2"/><T26/><D85/><U5/><E135/><V119/><F22/><W29/><G29/><T25/><REACH who="0" step="1"/><D67/><REACH who="0" ten="240,250,250,240" step="2"/><U44/><E87/><V94/><F84/><W14/><G14/><T41/><D41/><U106/><E15/><V82/><F119/><W19/><G19/><T83/><D83/><U54/><E133/><V92/><F82/><W102/><G102/><T78/><D78/><U7/><E77/><V107/><F129/><W63/><G63/><T62/><D62/><U73/><E76/><V66/><REACH who="2" step="1"/><F10/><REACH who="2" ten="240,250,240,240" step="2"/><W108/><G108/><T131/><D131/><U117/><E130/><V40/><F40/><W53/><G53/><T65/><D65/><U71/><E54/><V98/><F98/><W34/><G34/><T17/><D17/><U105/><E117/><V28/><F28/><W89/><G89/><T48/><D48/><U56/><E90/><V27/><AGARI ba="0,3" hai="0,3,16,21,27,59,61,66,92,94,95,96,103,107" machi="27" ten="30,4000,0" yaku="1,1,0,1,54,1,53,0" doraHai="72" doraHaiUra="114" who="2" fromWho="2" sc="240,-20,250,-10,240,70,240,-10" /><INIT seed="1,0,0,2,0,17" ten="220,240,310,230" oya="1" hai0="120,123,10,133,49,68,30,95,36,24,86,129,118" hai1="107,104,25,32,122,47,127,65,64,56,50,96,74" hai2="100,48,76,111,66,110,12,18,43,21,3,78,41" hai3="97,22,72,29,42,77,106,58,130,45,34,84,39"/><U117/><E117/><V70/><F3/><W73/><G34/><T92/><D118/><U40/><E122/><N who="0" m="46633" /><D36/><U59/><E74/><V134/><F134/><W19/><G130/><T52/><D129/><U124/><E96/><V55/><F100/><W23/><G106/><T128/><D128/><U31/><E104/><V93/><F93/><W98/><G73/><T109/><D68/><U116/><E107/><V63/><F43/><W91/><G72/><T53/><D109/><N who="2" m="41482" /><F41/><W9/><G77/><T67/><D67/><N who="1" m="25675" /><E116/><V7/><F7/><W135/><G135/><T103/><D133/><U101/><E101/><V121/><F121/><W89/><G89/><T69/><D69/><U113/><E113/><V119/><F119/><W4/><G58/><AGARI ba="0,0" hai="12,18,21,48,55,58,63,66,70,76,78" m="41482" machi="58" ten="30,2000,0" yaku="14,1,52,1" doraHai="17" who="2" fromWho="3" sc="220,0,240,0,310,20,230,-20" /><INIT seed="2,0,0,2,3,85" ten="220,240,330,210" oya="2" hai0="35,100,113,130,23,58,45,111,110,101,91,83,1" hai1="22,64,40,37,6,12,34,84,95,70,124,107,135" hai2="106,109,43,54,112,53,94,4,33,120,126,98,62" hai3="92,129,57,75,36,134,19,132,7,24,72,71,115"/><V29/><F112/><W81/><G71/><T131/><D35/><U90/><E124/><V39/><F120/><W66/><G36/><T44/><D1/><U50/><E135/><V93/><F126/><W121/><G121/><T127/><D127/><U99/><E34/><V87/><F109/><N who="0" m="41482" /><D113/><U52/><E37/><V8/><F106/><W68/><G68/><T61/><D23/><U15/><E70/><V128/><F128/><N who="0" m="49194" /><D83/><U14/><E64/><V65/><F43/><W76/><G129/><T42/><D91/><N who="1" m="55807" /><E40/><V117/><F39/><W125/><G125/><T67/><D100/><U41/><E41/><V13/><F117/><W122/><G115/><T119/><D101/><U0/><E0/><V102/><F29/><W31/><G122/><T97/><D97/><U123/><E107/><V105/><F33/><W21/><G7/><T116/><D45/><N who="1" m="27727" /><E123/><V3/><F3/><W96/><G72/><T89/><D89/><U49/><E49/><AGARI ba="0,0" hai="42,44,49,58,61,67,116,119" m="49194,41482" machi="49" ten="30,7700,0" yaku="14,1,19,1,34,2" doraHai="85" who="0" fromWho="1" sc="220,77,240,-77,330,0,210,0" /><INIT seed="3,0,0,4,3,66" ten="297,163,330,210" oya="3" hai0="102,75,72,44,34,33,124,84,0,98,56,93,82" hai1="67,21,78,36,74,119,16,121,70,8,55,41,103" hai2="83,18,52,99,46,58,28,112,6,27,95,110,126" hai3="128,3,76,7,113,122,117,88,19,50,13,79,14"/><W48/><G122/><T109/><D0/><U133/><E121/><V53/><F112/><W45/><G117/><T105/><D109/><U130/><E119/><V68/><F110/><W31/><G113/><T10/><D124/><U100/><E133/><V77/><F126/><W22/><G128/><T108/><D108/><U129/><E8/><V80/><F6/><W115/><G31/><T29/><D56/><U39/><E55/><V43/><F18/><W101/><G101/><N who="1" m="38986" /><E78/><N who="3" m="29738" /><G3/><T123/><D123/><U63/><E74/><V62/><F53/><W69/><G69/><T42/><D10/><U51/><E51/><N who="3" m="19498" /><G115/><T106/><D106/><U20/><E20/><V30/><F68/><W96/><G45/><T38/><D29/><U32/><E41/><V17/><F43/><W25/><G7/><T111/><D111/><U9/><E9/><V15/><F46/><W81/><G81/><N who="2" m="31305" /><F77/><W125/><G125/><T114/><D114/><U1/><E1/><V61/><F30/><W60/><G60/><T116/><D116/><U49/><E49/><N who="2" m="30991" /><F28/><W89/><G96/><T97/><D97/><U40/><E40/><V90/><F27/><W5/><G5/><T11/><D11/><AGARI ba="0,0" hai="11,15,17,61,62,90,95,99" m="30991,31305" machi="11" ten="30,2000,0" yaku="8,1,54,1" doraHai="66" who="2" fromWho="0" sc="297,-20,163,0,330,20,210,0" /><INIT seed="4,0,0,1,3,84" ten="277,163,350,210" oya="0" hai0="122,96,108,66,120,41,52,98,89,112,76,50,30" hai1="78,103,42,102,90,51,132,27,40,31,67,29,4" hai2="9,116,91,5,61,20,7,38,39,135,79,36,45" hai3="126,131,35,117,130,49,81,19,46,124,88,101,70"/><T121/><D76/><U32/><E132/><V10/><F79/><W127/><G70/><T47/><D112/><U114/><E114/><V110/><F110/><W134/><G35/><T133/><D133/><U43/><E78/><V18/><F116/><W115/><G101/><T109/><D66/><U77/><E77/><V68/><F135/><W24/><G115/><T80/><D30/><U85/><E4/><V12/><F45/><W105/><G105/><T22/><D22/><U8/><E8/><V94/><F61/><W63/><G63/><T55/><D98/><U65/><E51/><V53/><F53/><N who="3" m="29879" /><G134/><T87/><D96/><U107/><E107/><V26/><F68/><W106/><G106/><T74/><D74/><U104/><E104/><V95/><REACH who="2" step="1"/><F91/><REACH who="2" ten="277,163,340,210" step="2"/><W129/><G117/><T11/><D11/><U92/><E31/><V2/><AGARI ba="0,1" hai="2,5,7,9,10,12,18,20,26,36,38,39,94,95" machi="2" ten="30,8000,1" yaku="1,1,2,1,0,1,53,2" doraHai="84" doraHaiUra="3" who="2" fromWho="2" sc="277,-40,163,-20,340,90,210,-20" /><INIT seed="5,0,0,0,0,59" ten="237,143,430,190" oya="1" hai0="13,1,51,102,94,108,129,68,78,132,74,105,80" hai1="8,41,115,83,45,48,123,58,67,32,52,17,65" hai2="3,111,118,135,44,133,2,77,79,14,24,6,15" hai3="122,57,91,128,43,0,73,130,9,82,117,47,124"/><U7/><E32/><V103/><F103/><W27/><G122/><T40/><D1/><N who="2" m="10" /><F111/><W112/><G112/><T29/><D129/><N who="3" m="49769" /><G124/><T38/><D132/><N who="2" m="50762" /><F118/><W69/><G69/><T19/><D68/><U107/><E115/><V131/><F131/><W54/><G27/><T35/><D102/><U25/><E123/><V116/><F116/><W60/><G117/><T30/><D105/><U109/><E107/><V34/><F44/><W134/><G134/><T46/><D46/><U76/><E109/><V95/><F95/><W62/><G9/><T16/><D94/><U42/><E42/><V23/><F34/><W5/><G5/><T71/><D35/><U55/><E55/><V98/><F98/><W61/><G0/><T96/><D96/><U81/><E81/><V85/><F85/><N who="3" m="50615" /><G73/><T39/><D74/><U89/><E89/><V53/><F53/><W75/><G75/><T11/><D40/><U88/><E76/><N who="2" m="29259" /><F6/><W33/><G33/><T70/><D78/><U106/><E106/><V21/><F21/><W4/><G4/><T110/><D80/><U114/><E114/><V28/><AGARI ba="0,0" hai="14,15,23,24,28" m="29259,50762,10" machi="28" ten="40,1500,0" yaku="20,1" doraHai="59" who="2" fromWho="2" sc="237,-4,143,-7,430,15,190,-4" /><INIT seed="6,0,0,2,4,41" ten="233,136,445,186" oya="2" hai0="77,18,9,1,92,117,95,81,51,37,126,3,105" hai1="111,91,27,94,43,49,130,65,53,7,0,59,47" hai2="72,120,83,106,28,12,20,67,68,26,44,97,60" hai3="8,32,80,48,104,85,29,74,129,118,108,30,90"/><V100/><F120/><W134/><G108/><T102/><D105/><U109/><E130/><V17/><F44/><W110/><G110/><T84/><D37/><U55/><E0/><V86/><F72/><W46/><G104/><T123/><D123/><U116/><E116/><V87/><REACH who="2" step="1"/><F83/><REACH who="2" ten="233,136,435,186" step="2"/><W2/><G74/><T56/><D81/><U50/><E111/><V107/><F107/><W125/><G129/><T76/><D117/><U122/><E109/><V75/><F75/><W101/><G80/><T35/><D95/><U39/><E122/><V64/><F64/><W119/><G46/><T69/><D92/><U38/><E65/><V115/><F115/><W14/><G119/><T79/><D77/><U52/><E38/><V25/><F25/><W4/><G118/><T113/><D79/><U34/><E39/><V114/><F114/><W112/><G112/><T57/><D76/><U133/><E133/><V61/><F61/><W73/><G134/><T6/><D113/><U11/><E27/><V23/><AGARI ba="0,1" hai="12,17,20,23,26,28,60,67,68,86,87,97,100,106" machi="23" ten="20,7800,0" yaku="1,1,0,1,7,1,53,1" doraHai="41" doraHaiUra="98" who="2" fromWho="2" sc="233,-26,136,-26,435,88,186,-26" /><INIT seed="6,1,0,2,4,126" ten="207,110,523,160" oya="2" hai0="88,78,35,90,66,64,62,107,123,26,87,84,115" hai1="20,83,21,30,73,34,5,69,110,37,1,75,134" hai2="128,56,50,68,113,121,25,47,36,54,81,106,27" hai3="130,32,65,8,51,129,77,98,12,58,28,112,40"/><V46/><F106/><W53/><G77/><T22/><D35/><U43/><E110/><V71/><F81/><W67/><G112/><T133/><D107/><U16/><E134/><V74/><F74/><W94/><G28/><T91/><D123/><U109/><E109/><V92/><F92/><W108/><G40/><T102/><D102/><U93/><E69/><N who="2" m="26699" /><F25/><W125/><G32/><T111/><D111/><U100/><E21/><V63/><F27/><W14/><G14/><T104/><D104/><U0/><E0/><V82/><F82/><W120/><G120/><T116/><D116/><U70/><E70/><V135/><F113/><W72/><G72/><T6/><D6/><U99/><E83/><V38/><F135/><W132/><G132/><T103/><D103/><U13/><E34/><V95/><F95/><W101/><G108/><T131/><D133/><U18/><E30/><V19/><F19/><N who="3" m="8583" /><G125/><T24/><D24/><U48/><E18/><V89/><F89/><W96/><G96/><T127/><D91/><U41/><E1/><V17/><F17/><W3/><G3/><T117/><D90/><U105/><E5/><V79/><F79/><W57/><G57/><T119/><D78/><U52/><E105/><V45/><F121/><W86/><G86/><T85/><D87/><U61/><E75/><V42/><F36/><W33/><G33/><T15/><D85/><U80/><E37/><V118/><F38/><W114/><G114/><T49/><D84/><U2/><E2/><V10/><F42/><N who="1" m="15881" /><E73/><V7/><F118/><W60/><G60/><T76/><D117/><RYUUKYOKU ba="1,0" sc="207,-10,110,-10,523,-10,160,30" hai3="51,53,58,65,67,94,98,101,129,130" /><INIT seed="7,2,0,0,2,26" ten="197,100,513,190" oya="3" hai0="3,12,80,6,46,28,132,39,16,79,75,40,83" hai1="70,96,5,73,67,105,120,59,9,97,101,90,92" hai2="109,41,13,66,0,134,54,113,2,7,65,123,8" hai3="35,18,99,32,91,47,21,108,56,30,93,10,112"/><W107/><G107/><T86/><D28/><U119/><E120/><V76/><F109/><W84/><G108/><T50/><D132/><U42/><E119/><V61/><F113/><W53/><G47/><T103/><D103/><U135/><E135/><V23/><F123/><W64/><G64/><T17/><D50/><U33/><E42/><V51/><F134/><W100/><G112/><T68/><D68/><U78/><E59/><V94/><F41/><W58/><G10/><N who="0" m="2399" /><D12/><U122/><E122/><V20/><F76/><AGARI ba="2,0" hai="16,17,39,40,46,75,76,79,80,83,86" m="2399" machi="76" ten="30,2000,0" yaku="25,1,54,1" doraHai="26" who="0" fromWho="2" sc="197,26,100,0,513,-26,190,0" owari="223,2.3,100,-40.0,487,58.7,190,-21.0" /></mjloggm>