<mjloggm ver="2.3"><GO type="169" lobby="0"/><UN n0="%E5%9C%A8%E5%8E%9F%E4%B8%83%E6%B5%B7%E5%A4%A7%E5%A5%BD%E3%81%8D" n1="%E3%82%89%E3%81%BE%E3%81%98%E3%82%83%E3%82%93%E3%81%93%E3%81%86" n2="%6B%6F%61%6C%61" n3="%E6%96%B9%E5%86%86%E8%87%AA%E5%9C%A8" dan="17,16,16,17" rate="2214.28,2081.44,2048.66,2176.67" sx="M,M,M,M"/><TAIKYOKU oya="0"/><INIT seed="0,0,0,0,3,23" ten="250,250,250,250" oya="0" hai0="8,122,102,130,49,117,129,68,14,61,70,30,9" hai1="39,71,94,84,73,98,109,3,1,92,63,86,28" hai2="46,42,37,53,19,24,126,33,124,81,106,128,93" hai3="97,133,48,54,64,4,90,18,113,36,82,65,43"/><T115/><D122/><U29/><E73/><V44/><F106/><W88/><G113/><T78/><D117/><U110/><E63/><V119/><F128/><W22/><G133/><T34/><D115/><U50/><E50/><N who="2" m="28871" /><F119/><W26/><G4/><T121/><D121/><U57/><E57/><V10/><F81/><W17/><G43/><T95/><D78/><U135/><E98/><V100/><F10/><W60/><G36/><T13/><D61/><U56/><E56/><V75/><F75/><W55/><G18/><T85/><D49/><U91/><E91/><V76/><F76/><W67/><G60/><T66/><D8/><U123/><E123/><V12/><F100/><W2/><G2/><T47/><D9/><U31/><E31/><V116/><F116/><W21/><G21/><T58/><D30/><U69/><REACH who="1" step="1"/><E39/><REACH who="1" ten="250,240,250,250" step="2"/><V11/><F37/><W45/><G90/><T101/><D58/><U134/><AGARI ba="0,1" hai="1,3,28,29,69,71,84,86,92,94,109,110,134,135" machi="134" ten="25,8000,1" yaku="1,1,2,1,0,1,22,2,53,0" doraHai="23" doraHaiUra="6" who="1" fromWho="1" sc="250,-40,240,90,250,-20,250,-20" /><INIT seed="1,0,0,0,4,11" ten="210,330,230,230" oya="1" hai0="24,86,82,47,41,60,84,96,51,66,95,52,61" hai1="65,30,87,50,135,58,39,91,27,90,6,14,105" hai2="45,108,70,8,17,131,94,119,16,23,55,78,38" hai3="20,118,107,126,98,121,75,37,59,25,7,71,36"/><U83/><E39/><V44/><F119/><W64/><G59/><T18/><D41/><U117/><E117/><V33/><F33/><W132/><G20/><T100/><D86/><U89/><E105/><V28/><F108/><W122/><G7/><T88/><D66/><U49/><E135/><V29/><F70/><W26/><G98/><T106/><D106/><U35/><E65/><V127/><F131/><W0/><G64/><T85/><D24/><U53/><REACH who="1" step="1"/><E50/><REACH who="1" ten="210,320,230,230" step="2"/><V79/><F38/><W31/><G107/><T57/><D61/><U77/><E77/><V109/><F79/><W12/><G132/><T42/><D60/><U124/><E124/><V112/><F78/><W113/><G126/><T19/><D51/><U102/><E102/><V32/><F127/><W69/><G36/><T114/><D100/><U99/><E99/><V48/><F48/><W134/><G118/><T120/><D96/><U115/><E115/><V125/><F112/><W76/><G113/><T116/><D114/><U63/><E63/><V62/><F125/><W128/><G76/><N who="0" m="46151" /><D116/><U111/><E111/><V81/><F62/><W72/><G134/><T1/><D120/><U15/><E15/><V93/><F109/><W2/><G12/><T13/><D13/><U43/><E43/><V56/><F55/><W97/><G37/><N who="0" m="21967" /><D1/><U129/><E129/><V123/><F123/><W34/><G128/><T67/><D52/><U3/><E3/><V104/><F104/><W80/><G97/><T46/><D67/><U103/><E103/><V40/><F40/><W133/><G133/><T74/><D74/><RYUUKYOKU ba="0,1" sc="210,-10,320,30,230,-10,230,-10" hai1="6,14,27,30,35,49,53,58,83,87,89,90,91" /><INIT seed="1,1,1,0,1,75" ten="200,350,220,220" oya="1" hai0="25,105,14,57,86,98,12,78,28,67,120,74,117" hai1="91,81,13,121,51,109,41,8,97,3,42,129,65" hai2="27,127,24,92,18,135,63,54,40,15,45,61,2" hai3="62,6,7,55,19,9,82,107,83,80,39,47,70"/><U32/><E121/><V50/><F2/><W56/><G107/><T36/><D36/><U87/><E3/><V100/><F127/><W4/><G70/><T94/><D117/><U126/><E126/><V31/><F135/><W43/><REACH who="3" step="1"/><G19/><REACH who="3" ten="200,350,220,210" step="2"/><T79/><D120/><U130/><E130/><V76/><F18/><W99/><G99/><T72/><D105/><U101/><E129/><V20/><F27/><W17/><G17/><T10/><D74/><U128/><E128/><V59/><F15/><AGARI ba="1,2" hai="4,6,7,9,15,39,43,47,55,56,62,80,82,83" machi="15" ten="40,1300,0" yaku="1,1,53,0" doraHai="75" doraHaiUra="131" who="3" fromWho="2" sc="200,0,350,0,220,-16,210,36" /><INIT seed="2,0,0,5,4,7" ten="200,350,204,246" oya="2" hai0="29,132,62,73,12,14,52,63,133,72,104,77,86" hai1="84,49,31,27,15,87,97,130,2,5,8,43,95" hai2="22,48,26,99,100,1,50,18,105,75,112,124,109" hai3="126,71,118,11,89,40,128,81,114,116,88,134,117"/><V93/><F112/><W65/><G40/><T44/><D104/><U54/><E43/><V129/><F129/><W46/><G46/><T76/><D86/><U127/><E127/><V78/><F124/><W80/><G126/><T20/><D29/><U24/><E2/><V41/><F1/><W101/><G128/><T115/><D20/><U58/><E130/><V38/><F109/><W61/><G101/><T66/><D44/><U131/><E131/><V10/><F105/><W123/><G123/><T79/><D66/><U37/><E37/><V36/><F36/><W113/><G134/><N who="0" m="51819" /><D52/><U45/><E45/><V110/><F110/><W91/><REACH who="3" step="1"/><G11/><REACH who="3" ten="200,350,204,236" step="2"/><T39/><D115/><AGARI ba="0,1" hai="61,65,71,80,81,88,89,91,113,114,115,116,117,118" machi="115" ten="50,8000,1" yaku="1,1,2,1,11,1,54,1,53,0" doraHai="7" doraHaiUra="120" who="3" fromWho="0" sc="200,-80,350,0,204,0,236,90" /><INIT seed="3,0,0,0,0,111" ten="120,350,204,326" oya="3" hai0="12,119,88,21,54,56,97,3,1,81,17,70,59" hai1="92,73,120,127,129,16,31,34,61,94,77,6,5" hai2="74,33,105,115,65,2,0,112,85,87,133,98,128" hai3="39,131,67,90,103,58,76,57,68,108,42,83,38"/><W134/><G103/><T18/><D70/><U47/><E120/><V51/><F33/><W9/><G90/><T50/><D119/><U82/><E34/><V84/><F74/><W109/><G134/><T32/><D32/><U27/><E31/><V24/><F133/><W11/><G68/><T14/><D1/><U37/><E127/><V123/><F123/><W53/><G67/><T107/><D3/><U13/><E27/><V100/><F128/><W30/><G30/><T130/><D130/><U44/><E61/><V110/><F110/><N who="3" m="42603" /><G58/><T121/><D121/><U72/><E72/><V25/><F65/><W41/><G9/><T79/><D107/><U102/><E102/><V135/><F135/><W118/><G11/><T93/><D59/><U116/><E116/><V64/><F64/><W28/><G28/><T95/><D95/><U96/><E94/><V114/><F0/><W80/><G80/><T45/><D56/><U101/><E129/><V8/><REACH who="2" step="1"/><F51/><REACH who="2" ten="120,350,194,326" step="2"/><N who="3" m="30911" /><G118/><T62/><D62/><U89/><E37/><N who="3" m="13834" /><G131/><T46/><D50/><U19/><E73/><AGARI ba="0,1" hai="41,42,73,76,83" m="13834,30911,42603" machi="73" ten="30,2900,0" yaku="14,1,10,1" doraHai="111" who="3" fromWho="1" sc="120,0,350,-29,194,0,326,39" /><INIT seed="3,1,0,0,2,13" ten="120,321,194,365" oya="3" hai0="125,103,97,18,100,52,79,124,94,83,56,30,98" hai1="69,9,85,42,54,36,2,53,133,93,112,92,121" hai2="44,3,123,107,34,106,40,63,78,134,17,12,87" hai3="131,49,101,129,47,115,27,57,66,67,59,95,4"/><W22/><G4/><T46/><D30/><U119/><E112/><V14/><F3/><W41/><G115/><T5/><D5/><U128/><E69/><V0/><F0/><W25/><G25/><T109/><D109/><U65/><E65/><N who="3" m="24586" /><G101/><T7/><D7/><U58/><E121/><V29/><F123/><W88/><G131/><T6/><D46/><U61/><E133/><V26/><F134/><W24/><G24/><T43/><D43/><U51/><E119/><V11/><F12/><W21/><G21/><T71/><D6/><U32/><E32/><V28/><F28/><N who="3" m="17527" /><G129/><T75/><D71/><U73/><E73/><V86/><F106/><W104/><G104/><T50/><REACH who="0" step="1"/><D18/><REACH who="0" ten="110,321,194,365" step="2"/><U48/><E2/><V23/><F17/><W114/><G114/><T84/><D84/><AGARI ba="1,1" hai="41,47,49,57,59,84,88,95" m="17527,24586" machi="84" ten="30,2900,0" yaku="8,1,54,1" doraHai="13" who="3" fromWho="0" sc="110,-32,321,0,194,0,365,42" /><INIT seed="3,2,0,1,5,117" ten="78,321,194,407" oya="3" hai0="45,132,62,41,81,61,135,110,12,57,15,46,91" hai1="68,97,13,92,88,115,8,127,39,10,27,54,50" hai2="103,23,24,28,114,58,5,38,29,108,20,123,118" hai3="55,21,1,70,42,48,82,65,53,7,47,4,105"/><W9/><G105/><T59/><D81/><U94/><E115/><V80/><F38/><W119/><G119/><T2/><D2/><U113/><E113/><V19/><F114/><W49/><G7/><T84/><D84/><U78/><E127/><V116/><F103/><W73/><G21/><T109/><D91/><U102/><E39/><V130/><F80/><W89/><G89/><T63/><D12/><U26/><E78/><V111/><F58/><N who="0" m="22026" /><D15/><U52/><E68/><V107/><F107/><W64/><G70/><T11/><D11/><U37/><E37/><V76/><F76/><W25/><G25/><N who="1" m="9226" /><E50/><V86/><F86/><W31/><G31/><T44/><D41/><U126/><E126/><V79/><F79/><W71/><G71/><T134/><AGARI ba="2,0" hai="44,45,46,61,62,63,109,110,132,134,135" m="22026" machi="134" ten="50,12000,2" yaku="29,2,28,2,20,1,34,2" doraHai="117" who="0" fromWho="0" sc="78,126,321,-32,194,-32,407,-62" /><INIT seed="4,0,0,4,2,98" ten="204,289,162,345" oya="0" hai0="21,30,119,53,23,62,68,124,107,110,78,32,19" hai1="112,126,96,2,43,34,60,97,7,79,111,123,95" hai2="86,61,45,92,4,28,31,13,128,55,73,120,39" hai3="87,77,75,134,66,48,99,82,9,94,135,6,85"/><T8/><D119/><U44/><E111/><V64/><F73/><W121/><G66/><T35/><D78/><U71/><E34/><V12/><F120/><W102/><G48/><T15/><D53/><U50/><E123/><V11/><F128/><W36/><G36/><T22/><D62/><U5/><E126/><V116/><F116/><W67/><G67/><T84/><D84/><U104/><E112/><V132/><F132/><N who="3" m="50731" /><G121/><T72/><D72/><U108/><E108/><V1/><F1/><AGARI ba="0,0" hai="1,6,9,75,77,82,85,87,94,99,102" m="50731" machi="1" ten="30,2000,0" yaku="20,1,52,1" doraHai="98" who="3" fromWho="2" sc="204,0,289,0,162,-20,345,20" /><INIT seed="5,0,0,4,4,76" ten="204,289,142,365" oya="1" hai0="19,79,29,39,22,70,23,129,114,117,47,67,96" hai1="131,135,45,24,41,74,15,30,18,36,16,8,103" hai2="21,92,104,116,120,108,125,99,17,37,52,84,25" hai3="49,42,100,2,130,113,133,0,31,73,78,5,43"/><U71/><E131/><V53/><F120/><W51/><G5/><T86/><D70/><U128/><E128/><V10/><F116/><W44/><G130/><T102/><D67/><U115/><E115/><V97/><F108/><W66/><G113/><T94/><D117/><U122/><E122/><V13/><F37/><W109/><G109/><T1/><D1/><U3/><E135/><V81/><F104/><W80/><G133/><T110/><D39/><U14/><E71/><V126/><F126/><W50/><G66/><T83/><D47/><U124/><E124/><V32/><F32/><W91/><G100/><T33/><D33/><U65/><E65/><V72/><F72/><W89/><G31/><T62/><D62/><U93/><E74/><V6/><F125/><W26/><G26/><N who="0" m="16599" /><D114/><U12/><E3/><V88/><F99/><W63/><G63/><T134/><D110/><U11/><E15/><V61/><F61/><W132/><G132/><T28/><D134/><U69/><E69/><V59/><F59/><W20/><G20/><T123/><D28/><U112/><E112/><V101/><AGARI ba="0,0" hai="6,10,13,17,21,25,52,53,81,84,88,92,97,101" machi="101" ten="20,12000,2" yaku="0,1,7,1,8,1,52,1,54,2" doraHai="76" who="2" fromWho="2" sc="204,-30,289,-60,142,120,365,-30" /><INIT seed="6,0,0,3,0,0" ten="174,229,262,335" oya="2" hai0="41,114,31,127,66,117,95,9,85,48,129,130,121" hai1="72,78,77,73,26,82,76,107,24,55,35,105,109" hai2="1,89,13,122,10,123,87,90,38,43,6,53,80" hai3="100,128,17,19,135,2,50,68,81,75,18,102,33"/><V4/><F38/><W124/><G68/><T113/><D31/><U47/><E109/><V70/><F70/><W65/><G65/><T132/><D95/><U115/><E115/><V88/><F43/><W93/><G33/><T104/><D104/><U98/><E35/><V67/><F67/><W111/><G2/><T126/><D85/><U118/><E118/><V106/><F106/><W32/><G19/><T134/><D9/><U83/><E78/><V79/><F53/><W36/><G50/><T59/><D117/><U101/><E107/><V108/><F108/><W57/><G17/><T125/><D121/><U29/><E29/><V56/><F56/><W44/><G100/><T27/><D27/><U120/><E120/><V97/><F97/><W133/><G81/><T119/><D119/><U112/><E112/><N who="0" m="43113" /><D41/><U23/><E23/><V99/><REACH who="2" step="1"/><F99/><REACH who="2" ten="174,229,252,335" step="2"/><W94/><G36/><T86/><D86/><U71/><E71/><V15/><F15/><W74/><G111/><T12/><D12/><U61/><E47/><V84/><F84/><W64/><G44/><T42/><D66/><U45/><E45/><V49/><F49/><W30/><G64/><T52/><D42/><U3/><E3/><V16/><F16/><W37/><G18/><T58/><D59/><AGARI ba="0,1" hai="24,26,55,59,61,72,73,76,77,82,83,98,101,105" machi="59" ten="40,1300,0" yaku="9,1" doraHai="0" who="1" fromWho="0" sc="174,-13,229,23,252,0,335,0" /><INIT seed="7,0,0,2,4,53" ten="161,252,252,335" oya="3" hai0="88,126,120,37,24,6,46,50,97,69,83,66,115" hai1="105,2,125,22,57,32,128,28,73,118,54,89,82" hai2="23,3,79,0,93,135,116,42,77,21,58,9,119" hai3="87,19,1,29,130,67,108,76,52,17,61,18,112"/><W36/><G36/><T94/><D120/><U80/><E32/><V38/><F93/><W65/><G18/><T106/><D126/><U14/><E2/><V15/><F38/><W85/><G61/><T64/><D115/><U47/><E105/><V72/><F42/><W16/><G19/><T132/><D132/><U74/><E125/><V71/><F71/><W133/><G85/><T114/><D114/><U25/><E128/><V12/><F9/><W127/><G87/><T100/><D37/><U111/><E111/><V55/><F55/><W68/><G17/><T81/><D6/><U39/><E14/><V44/><F44/><W7/><G29/><T35/><D83/><U51/><E118/><V123/><F135/><W31/><G67/><T121/><D121/><U48/><E39/><V103/><F123/><W86/><G31/><T60/><D81/><U41/><E82/><V49/><F49/><W102/><G76/><T59/><D24/><U131/><E131/><V84/><F84/><W96/><G86/><T62/><D35/><U134/><E134/><V43/><F43/><W27/><G1/><T129/><D129/><U107/><E107/><V13/><F13/><W40/><G108/><T75/><D75/><U91/><E74/><V4/><F72/><W33/><G112/><T99/><REACH who="0" step="1"/><D50/><REACH who="0" ten="151,252,252,335" step="2"/><U113/><E113/><V63/><F4/><W34/><G130/><T20/><D20/><U5/><E5/><V78/><F21/><N who="3" m="13735" /><G127/><T110/><D110/><U92/><E73/><V70/><F23/><W95/><G133/><T30/><D30/><U124/><E124/><RYUUKYOKU ba="0,1" sc="151,30,252,-10,252,-10,335,-10" hai0="46,59,60,62,64,66,69,88,94,97,99,100,106" owari="181,-31.9,242,4.2,242,-15.8,335,43.5" /></mjloggm>