<mjloggm ver="2.3"><GO type="169" lobby="0"/><UN n0="%E9%95%B7%E5%B2%A1" n1="%E3%83%8A%E3%82%B9%E3%83%9C%E3%82%A6" n2="%E8%80%95%E3%81%97%E3%81%A8%E3%81%BB%E3%81%90%E3%81%97" n3="%E3%81%8B%E3%82%88%E3%81%A1%E3%82%83%E3%82%93%E3%81%AE%E6%97%A6%E9%82%A3" dan="16,16,16,16" rate="2124.68,2029.86,2079.56,2104.30" sx="M,M,M,M"/><TAIKYOKU oya="0"/><INIT seed="0,0,0,2,5,87" ten="250,250,250,250" oya="0" hai0="12,17,102,66,2,18,57,103,134,100,21,64,78" hai1="25,89,59,11,41,91,96,131,74,126,24,56,30" hai2="101,28,32,117,43,61,69,99,15,52,123,50,51" hai3="46,133,110,27,121,60,53,79,47,45,23,65,33"/><T26/><D134/><U132/><E74/><V0/><F123/><W31/><G133/><T34/><D2/><U9/><E132/><V70/><F0/><W82/><G121/><T120/><D120/><U75/><E75/><V19/><F117/><W106/><G106/><T35/><D78/><U71/><E71/><V62/><F28/><W37/><G110/><T94/><D94/><U107/><E41/><V8/><F32/><W95/><G95/><T90/><D90/><U39/><E39/><V84/><F84/><W42/><G53/><T86/><D86/><U22/><E126/><V10/><F10/><W104/><G104/><T93/><D93/><U113/><E131/><V7/><F7/><W44/><G33/><T14/><D26/><U16/><E107/><V109/><F43/><W1/><G1/><T3/><D3/><U97/><E113/><V36/><F36/><W58/><REACH who="3" step="1"/><G46/><REACH who="3" ten="250,250,250,240" step="2"/><T116/><D116/><U105/><E105/><V111/><F111/><W4/><G4/><T81/><D81/><U76/><E97/><V125/><F109/><W122/><G122/><T108/><D108/><U67/><E96/><V85/><F99/><W54/><G54/><T130/><D130/><U29/><E67/><V92/><F52/><W114/><G114/><T88/><D66/><U20/><E76/><V55/><F55/><W83/><G83/><T124/><D124/><U72/><E72/><AGARI ba="0,1" hai="23,27,31,37,42,44,45,47,58,60,65,72,79,82" machi="72" ten="30,2000,0" yaku="1,1,7,1,53,0" doraHai="87" doraHaiUra="115" who="3" fromWho="1" sc="250,0,250,-20,250,0,240,30" /><INIT seed="1,0,0,3,2,101" ten="250,230,250,270" oya="1" hai0="82,80,14,81,105,78,124,12,88,41,15,10,37" hai1="21,39,56,27,119,55,25,128,108,43,89,123,83" hai2="30,86,47,73,0,112,98,54,38,71,90,24,58" hai3="79,129,127,22,16,114,70,97,51,2,72,69,94"/><U23/><E119/><V109/><F109/><W63/><G2/><T110/><D110/><U5/><E108/><V115/><F0/><W66/><G114/><N who="2" m="43561" /><F73/><W122/><G122/><T131/><D131/><U75/><E123/><V93/><F71/><W67/><G129/><T77/><D124/><U52/><E128/><V133/><F133/><W33/><G33/><T3/><D37/><U95/><E5/><V130/><F130/><W121/><G121/><T18/><D41/><U92/><E75/><V42/><F86/><W120/><G120/><T13/><D3/><U103/><E43/><V135/><F135/><W74/><G127/><T53/><D105/><U99/><E83/><V132/><F132/><W102/><G51/><T19/><D53/><U31/><E56/><V64/><F64/><W50/><G50/><T17/><D88/><U32/><E32/><N who="2" m="20551" /><F58/><W48/><G48/><T8/><N who="0" m="3072" /><DORA hai="85" /><T44/><REACH who="0" step="1"/><D44/><REACH who="0" ten="240,230,250,270" step="2"/><U65/><E39/><V45/><F45/><W111/><G111/><T29/><D29/><N who="1" m="17583" /><E65/><V126/><F126/><W87/><G67/><T106/><D106/><U9/><E9/><AGARI ba="0,1" hai="8,9,10,17,18,19,77,78,80,81,82" m="3072" machi="9" ten="60,12000,2" yaku="1,1,29,2,28,2,8,1,53,0" doraHai="101,85" doraHaiUra="46,1" who="0" fromWho="1" sc="240,130,230,-120,250,0,270,0" /><INIT seed="2,0,0,1,4,113" ten="370,110,250,270" oya="2" hai0="96,112,33,70,11,5,21,8,91,98,108,132,15" hai1="65,17,76,103,66,79,102,28,49,24,129,19,23" hai2="44,29,122,109,47,131,74,119,27,97,40,88,106" hai3="58,26,130,120,92,52,77,123,36,45,93,31,83"/><V25/><F119/><W133/><G133/><T121/><D112/><U62/><E129/><V89/><F122/><W4/><G130/><T101/><D121/><U30/><E49/><V134/><F131/><W125/><G4/><T128/><D128/><U51/><E51/><V90/><F74/><W81/><G125/><T118/><D33/><U3/><E3/><V13/><F134/><W42/><G83/><T39/><D39/><U53/><E53/><V35/><F109/><W50/><G123/><T94/><D70/><U82/><E82/><V86/><F86/><W111/><G111/><T7/><D132/><U18/><E30/><V115/><F115/><W37/><G37/><T9/><D108/><U54/><E54/><V95/><F106/><W135/><G135/><T0/><D118/><U75/><E75/><V41/><F13/><W59/><G59/><T12/><D0/><U63/><E79/><V64/><F64/><W104/><G104/><T55/><D55/><U2/><E2/><V60/><F60/><W80/><G80/><T99/><D21/><U71/><REACH who="1" step="1"/><E76/><REACH who="1" ten="370,100,250,270" step="2"/><V61/><F61/><W20/><REACH who="3" step="1"/><G120/><REACH who="3" ten="370,100,250,260" step="2"/><T85/><D7/><U126/><E126/><V43/><REACH who="2" step="1"/><F27/><REACH who="2" ten="370,100,240,260" step="2"/><W124/><G124/><T38/><D15/><U32/><E32/><V117/><F117/><W87/><AGARI ba="0,3" hai="20,26,31,36,42,45,50,52,58,77,81,87,92,93" machi="87" ten="20,8000,1" yaku="1,1,0,1,7,1,54,1,53,1" doraHai="113" doraHaiUra="73" who="3" fromWho="3" sc="370,-20,100,-20,240,-40,260,110" /><INIT seed="3,0,0,5,0,40" ten="350,80,200,370" oya="3" hai0="47,95,73,103,43,121,56,99,12,31,76,18,7" hai1="10,64,105,5,23,133,126,83,102,54,109,70,42" hai2="81,104,19,45,96,50,131,87,28,8,53,20,71" hai3="46,72,36,48,49,134,111,132,59,62,107,130,123"/><W92/><G123/><T69/><D69/><U78/><E109/><V38/><F131/><W35/><G107/><T0/><D121/><U16/><E126/><V15/><F71/><W110/><G35/><T94/><D31/><U114/><E133/><N who="3" m="51306" /><G72/><T129/><D129/><U82/><E114/><V91/><F38/><W21/><G130/><T135/><D135/><U9/><E9/><V122/><F122/><W85/><G21/><T79/><D73/><U51/><E42/><V90/><F104/><W66/><G92/><T77/><D56/><U32/><E64/><V41/><F41/><N who="3" m="22823" /><G85/><T26/><D26/><U39/><E39/><V60/><F60/><W120/><G120/><T84/><D0/><U58/><E70/><V75/><F75/><W67/><G67/><T106/><D7/><U112/><E32/><V86/><F96/><W61/><G61/><T88/><D106/><U34/><E34/><V4/><F28/><W6/><G6/><T55/><D18/><U116/><E112/><V119/><F119/><W89/><G89/><T52/><D12/><U25/><E116/><V24/><REACH who="2" step="1"/><F87/><REACH who="2" ten="350,80,190,370" step="2"/><W11/><G11/><T127/><D84/><U65/><E105/><V113/><F113/><W115/><G115/><T80/><D99/><U22/><E102/><V97/><F97/><W2/><G2/><T101/><D103/><U117/><E117/><V30/><F30/><W33/><G33/><T63/><D101/><U74/><E74/><V57/><F57/><W37/><G37/><T44/><D63/><U93/><E58/><V128/><F128/><W124/><G124/><RYUUKYOKU ba="0,1" sc="350,-15,80,-15,190,15,370,15" hai2="4,8,15,19,20,24,45,50,53,81,86,90,91" hai3="48,49,59,62,66,110,111" /><INIT seed="3,1,1,5,0,40" ten="335,65,205,385" oya="3" hai0="103,122,134,128,6,65,61,64,68,69,35,28,123" hai1="15,113,55,130,95,112,46,81,86,43,77,102,39" hai2="131,31,107,44,73,104,79,36,89,37,2,14,119" hai3="100,72,59,13,11,66,23,49,84,108,57,98,96"/><W87/><G72/><T58/><D6/><U54/><E130/><V94/><F119/><W83/><G108/><T48/><D103/><U127/><E127/><V45/><F2/><W90/><G23/><T3/><D3/><U60/><E15/><V52/><F31/><W22/><G22/><T117/><D117/><U121/><E121/><N who="0" m="46089" /><D28/><U50/><E60/><V32/><F32/><W115/><G115/><T120/><D35/><U62/><E62/><V116/><F116/><W26/><G26/><T114/><N who="0" m="46097" /><T74/><DORA hai="132" /><D74/><U34/><E34/><V8/><F131/><W106/><G96/><T88/><D88/><U4/><E4/><V12/><F73/><W16/><G84/><T20/><D20/><U21/><E21/><V70/><F70/><N who="0" m="27242" /><D128/><U75/><E102/><V42/><F79/><W133/><G133/><T30/><D30/><U76/><E77/><V51/><F36/><W91/><G91/><T97/><D97/><U125/><E39/><V101/><F101/><W111/><G111/><T71/><D134/><U56/><E112/><V93/><F12/><W47/><G66/><T27/><D27/><U78/><E78/><V0/><F0/><W7/><G7/><T126/><D114/><U18/><E75/><V33/><F33/><W85/><G85/><T24/><D24/><U135/><E135/><V118/><F118/><W53/><AGARI ba="1,1" hai="11,13,16,47,49,53,57,59,83,87,90,98,100,106" machi="53" ten="20,18000,2" yaku="0,1,7,1,25,2,52,1,54,1" doraHai="40,132" who="3" fromWho="3" sc="335,-61,65,-61,205,-61,385,193" /><INIT seed="3,2,0,5,4,112" ten="274,4,144,578" oya="3" hai0="106,124,97,43,47,133,31,108,34,41,118,16,101" hai1="59,48,64,56,29,79,58,111,90,37,32,57,121" hai2="130,72,9,23,131,105,98,54,50,28,7,33,80" hai3="17,15,78,5,91,127,89,65,44,4,62,36,122"/><W3/><G122/><T94/><D118/><U10/><E121/><V134/><F134/><W74/><G127/><T115/><D124/><U42/><E32/><V125/><F125/><W45/><G36/><T0/><D0/><U51/><E79/><V117/><F117/><W135/><G135/><T63/><D133/><U26/><E111/><V85/><F33/><W18/><G78/><T8/><D108/><U100/><E100/><V75/><F28/><W95/><G74/><T103/><D115/><U66/><E90/><V129/><F23/><W53/><G53/><T102/><D43/><U123/><E10/><V20/><F20/><W21/><G3/><T113/><D113/><U70/><E123/><V52/><F98/><N who="3" m="57711" /><G91/><T67/><D94/><U83/><E83/><V116/><F105/><W11/><G62/><T6/><D103/><U88/><E88/><N who="2" m="51239" /><F54/><W35/><G65/><T114/><D114/><U40/><E29/><V61/><F61/><W27/><G35/><T46/><D102/><U109/><E109/><V128/><N who="2" m="32768" /><DORA hai="25" /><V104/><F104/><W132/><G132/><T22/><D63/><N who="1" m="37991" /><E26/><V77/><F77/><W49/><G49/><N who="1" m="19018" /><E37/><V73/><F116/><W86/><G86/><T2/><D106/><U99/><E99/><V120/><F120/><W96/><G96/><T87/><D87/><U13/><E13/><N who="2" m="5311" /><F75/><W126/><G126/><T84/><D101/><U110/><E110/><V55/><F73/><W92/><G92/><T119/><D97/><U30/><E30/><V60/><F72/><W19/><G19/><T68/><D31/><U93/><E93/><RYUUKYOKU ba="2,0" sc="274,-15,4,15,144,-15,578,15" hai1="40,42,57,58,59,66,70" hai3="4,5,11,15,17,18,21,27,44,45" /><INIT seed="3,3,0,4,2,124" ten="259,19,129,593" oya="3" hai0="95,110,122,41,96,67,21,55,19,132,62,29,100" hai1="88,80,30,32,90,89,5,134,39,63,112,16,91" hai2="28,128,99,85,120,127,8,66,82,33,105,125,38" hai3="57,109,52,48,94,61,93,75,84,40,86,37,83"/><W104/><G104/><T45/><D110/><U126/><E126/><N who="2" m="48139" /><F38/><W98/><G109/><T81/><D132/><U4/><E134/><V123/><F66/><W12/><G75/><T56/><D29/><U77/><E39/><V68/><F68/><W107/><G107/><T50/><D81/><U135/><E135/><V51/><F51/><W108/><G108/><T92/><D122/><N who="2" m="46634" /><F8/><W46/><G12/><T22/><D92/><U133/><E133/><V72/><F28/><W114/><G114/><T64/><D22/><U49/><E112/><V3/><F3/><W15/><G15/><AGARI ba="3,0" hai="15,19,21,41,45,50,55,56,62,64,67,95,96,100" machi="15" ten="30,2000,0" yaku="7,1,8,1" doraHai="124" who="0" fromWho="3" sc="259,29,19,0,129,0,593,-29" /><INIT seed="4,0,0,2,2,50" ten="288,19,129,564" oya="0" hai0="29,69,56,73,99,11,95,119,44,31,91,84,4" hai1="35,33,60,127,59,94,20,48,45,85,46,71,79" hai2="14,68,126,58,107,40,134,131,74,61,81,17,132" hai3="101,116,21,30,120,47,112,133,6,106,96,75,34"/><T67/><D73/><U92/><E127/><V64/><F107/><W123/><G75/><T118/><D69/><U55/><E46/><V54/><F131/><W113/><G116/><T57/><D118/><U128/><E128/><V65/><F40/><W53/><G34/><T52/><D119/><U121/><E121/><N who="3" m="46666" /><G6/><T43/><D67/><U62/><E92/><V103/><F103/><W93/><G133/><N who="2" m="51305" /><F126/><W114/><G21/><T72/><D72/><U26/><E71/><V105/><F105/><W8/><G8/><T10/><D57/><U122/><E62/><N who="2" m="39991" /><F74/><W5/><G5/><T25/><D4/><U39/><E39/><V129/><F129/><W76/><G76/><T78/><D78/><U38/><E38/><V70/><F81/><W22/><G22/><T0/><D0/><U102/><E122/><V77/><F77/><W51/><G30/><T104/><D31/><U97/><E79/><V42/><F42/><W80/><G80/><T125/><D125/><U2/><E2/><V100/><F100/><W115/><G115/><T36/><D104/><AGARI ba="0,0" hai="47,51,53,93,96,101,104,106,112,113,114" m="46666" machi="104" ten="40,5200,0" yaku="15,1,13,1,52,1" doraHai="50" who="3" fromWho="0" sc="288,-52,19,0,129,0,564,52" /><INIT seed="5,0,0,2,2,23" ten="236,19,129,616" oya="1" hai0="48,122,4,127,95,114,121,110,58,47,99,45,70" hai1="43,31,115,51,82,105,120,2,42,113,123,100,59" hai2="109,67,57,80,36,61,38,69,135,28,77,30,125" hai3="111,132,17,107,94,20,49,39,71,25,97,85,134"/><U117/><E2/><V33/><F109/><W35/><G71/><T81/><D70/><U78/><E117/><V64/><F135/><N who="3" m="51755" /><G111/><T84/><D110/><U10/><E10/><V76/><F125/><W16/><G39/><T18/><D4/><U98/><E31/><V128/><F128/><W131/><G131/><T14/><D114/><N who="1" m="43531" /><E59/><V54/><F77/><W75/><G75/><T11/><D127/><U66/><E66/><V13/><F13/><W126/><G126/><T73/><D73/><N who="1" m="43343" /><E51/><V3/><F30/><W104/><G35/><T27/><D27/><U87/><E87/><V129/><F3/><W5/><G5/><T24/><D24/><U65/><E65/><V86/><F67/><W56/><G85/><T8/><D8/><U96/><E98/><V133/><F129/><W62/><G49/><T118/><D118/><U103/><E103/><V32/><F32/><W12/><G56/><T83/><D58/><U50/><E50/><V116/><F116/><W52/><G52/><N who="0" m="29711" /><D47/><U9/><E9/><V6/><F6/><W92/><G62/><T21/><D21/><U72/><E72/><V53/><F133/><W41/><G41/><AGARI ba="0,0" hai="41,42,43,96,100,105,120,123" m="43343,43531" machi="41" ten="30,1500,0" yaku="15,1" doraHai="23" who="1" fromWho="3" sc="236,0,19,15,129,0,616,-15" /><INIT seed="5,1,0,1,4,98" ten="236,34,129,601" oya="1" hai0="94,41,12,73,5,96,135,0,54,11,13,30,117" hai1="130,28,40,17,6,55,38,1,126,44,86,134,110" hai2="116,24,61,26,119,50,90,36,59,25,47,80,68" hai3="46,37,132,4,92,65,2,120,84,127,106,83,124"/><U109/><E130/><V71/><F36/><W62/><G106/><T93/><D73/><U15/><E134/><V101/><F101/><W51/><G120/><T58/><D117/><U35/><E126/><N who="3" m="48170" /><G37/><T34/><D135/><U113/><E113/><V82/><F71/><W122/><G122/><T97/><D41/><U27/><E55/><V85/><F68/><W18/><G18/><T72/><D72/><U67/><E86/><V89/><F89/><W131/><G92/><T70/><D70/><U8/><REACH who="1" step="1"/><E67/><REACH who="1" ten="236,24,129,601" step="2"/><V99/><F99/><W75/><G84/><T32/><D97/><U123/><E123/><V107/><F119/><W57/><G65/><T14/><D96/><U64/><E64/><V7/><F116/><W87/><G87/><T22/><D94/><U43/><E43/><V48/><F107/><W3/><G75/><T114/><D93/><U88/><E88/><V52/><F82/><W33/><G83/><T63/><D114/><U105/><E105/><V133/><F133/><W19/><G132/><T79/><D79/><U31/><E31/><V95/><F95/><W111/><G111/><T125/><D125/><U78/><E78/><V91/><F90/><W66/><G66/><T76/><D76/><U56/><E56/><V128/><F128/><W39/><G57/><T42/><D42/><U118/><E118/><V104/><F104/><W69/><G131/><T77/><D77/><U129/><E129/><V10/><F47/><W45/><G45/><T103/><D103/><U74/><E74/><V121/><F121/><W108/><G46/><T20/><D30/><RYUUKYOKU ba="1,1" sc="236,10,24,10,129,10,601,-30" hai0="0,5,11,12,13,14,20,22,32,34,54,58,63" hai1="1,6,8,15,17,27,28,35,38,40,44,109,110" hai2="7,10,24,25,26,48,50,52,59,61,80,85,91" /><INIT seed="5,2,1,0,1,36" ten="246,34,139,571" oya="1" hai0="101,128,10,113,87,111,16,55,121,112,120,41,4" hai1="18,93,7,81,98,77,109,85,122,51,28,43,20" hai2="99,71,130,31,135,0,110,104,19,68,44,25,14" hai3="30,65,72,2,23,33,60,114,82,32,103,5,131"/><U39/><E39/><V134/><F110/><W53/><G131/><T50/><D111/><U21/><E109/><V115/><F130/><W13/><G114/><N who="0" m="44139" /><D128/><U3/><E122/><V105/><F0/><W76/><G103/><T63/><D101/><N who="1" m="60623" /><E3/><V12/><F115/><W11/><G53/><T52/><D121/><U116/><E116/><V118/><F44/><W90/><G90/><T132/><D132/><N who="2" m="50730" /><F118/><W45/><G45/><N who="0" m="25903" /><D16/><U124/><E124/><V86/><F86/><W84/><G84/><T95/><D63/><U79/><E7/><V88/><F88/><W58/><G30/><T129/><D120/><U8/><E77/><V97/><F97/><W83/><G83/><T22/><D129/><U123/><E123/><V38/><F38/><W24/><G2/><N who="0" m="279" /><D87/><U59/><E28/><V35/><F99/><W69/><G72/><T57/><D95/><U70/><E70/><N who="2" m="26667" /><F19/><W133/><G69/><T106/><D106/><AGARI ba="2,1" hai="12,14,25,31,35,104,105,106" m="26667,50730" machi="106" ten="40,1300,0" yaku="20,1" doraHai="36" who="2" fromWho="0" sc="246,-19,34,0,139,29,571,0" /><INIT seed="6,0,0,1,2,46" ten="227,34,168,571" oya="2" hai0="27,86,67,41,82,12,22,0,54,39,15,84,42" hai1="66,117,123,55,69,128,98,45,135,88,14,23,30" hai2="118,28,115,56,104,80,129,133,74,81,85,17,109" hai3="10,108,9,92,29,43,32,64,124,119,99,101,110"/><V96/><F118/><W126/><G119/><T127/><D0/><U87/><E117/><V125/><F28/><W94/><G64/><T131/><D131/><U134/><E98/><V33/><F33/><W78/><G78/><N who="0" m="46167" /><D39/><U48/><E128/><V21/><F129/><W18/><G43/><N who="0" m="16395" /><D67/><U57/><E123/><V36/><F36/><W132/><G132/><T116/><D127/><N who="3" m="48681" /><G92/><T34/><D34/><U11/><E69/><V19/><F115/><W102/><G102/><T40/><D40/><U58/><E134/><V70/><F70/><W4/><G18/><N who="0" m="12759" /><D54/><U68/><E68/><V79/><F109/><N who="3" m="42091" /><G4/><T65/><D65/><U72/><E66/><V107/><F133/><W53/><G53/><T71/><D71/><U73/><E73/><V95/><F19/><W62/><G62/><T20/><D116/><U120/><E72/><V49/><F125/><W122/><G122/><T97/><D97/><U63/><E120/><V83/><F74/><W111/><G111/><T106/><D106/><U61/><E135/><V60/><F60/><N who="1" m="23113" /><E30/><V3/><F3/><W35/><G35/><T31/><D86/><U6/><E23/><V13/><F107/><W44/><G32/><T114/><D114/><U50/><E50/><V2/><F2/><W90/><G29/><T5/><D31/><U38/><E38/><V59/><F104/><W47/><G10/><N who="0" m="4175" /><D20/><U112/><E112/><V75/><F75/><W7/><G90/><T130/><D130/><U113/><E113/><V16/><F17/><W24/><G24/><T121/><D121/><U89/><E89/><N who="2" m="55407" /><F49/><W100/><G100/><RYUUKYOKU ba="0,0" sc="227,0,34,0,168,0,571,0" hai0="15" hai1="6,11,14,45,48,55,57,58,87,88" hai2="13,16,21,56,59,79,80,81,83,85" hai3="7,9,44,47,94,99,101" /><INIT seed="6,1,0,4,0,0" ten="227,34,168,571" oya="2" hai0="17,42,118,9,83,135,130,75,18,53,33,7,99" hai1="16,132,68,113,39,67,13,100,70,111,40,94,22" hai2="120,59,49,45,105,86,117,57,23,54,81,72,88" hai3="66,101,20,110,71,37,76,78,6,30,3,25,26"/><V15/><F117/><W4/><G110/><T69/><D33/><U107/><E111/><V64/><F120/><W131/><G37/><T41/><D69/><U80/><E132/><V121/><F105/><W44/><G131/><T8/><D130/><U91/><E113/><V87/><F72/><W2/><G101/><T55/><D135/><U95/><E107/><V21/><F121/><W90/><G44/><T119/><D99/><U1/><E1/><V129/><F129/><W85/><G66/><T24/><D24/><U109/><E109/><V96/><F96/><W58/><G58/><N who="2" m="22025" /><F64/><W62/><G62/><T35/><D83/><U102/><E68/><V82/><F15/><W51/><G51/><T116/><D35/><U11/><E39/><V28/><F28/><W46/><G46/><T89/><D118/><U133/><E40/><V50/><F49/><W74/><G74/><T32/><D32/><U128/><E128/><V77/><AGARI ba="1,0" hai="21,23,45,50,54,77,81,82,86,87,88" m="22025" machi="77" ten="30,3000,0" yaku="8,1,54,1" doraHai="0" who="2" fromWho="2" sc="227,-11,34,-11,168,33,571,-11" /><INIT seed="6,2,0,1,5,53" ten="216,23,201,560" oya="2" hai0="8,27,96,51,18,30,109,76,57,67,59,97,23" hai1="56,101,72,54,93,129,49,131,64,44,21,82,134" hai2="123,107,52,104,50,65,19,55,79,88,29,17,95" hai3="78,121,22,48,100,42,68,34,113,127,75,26,89"/><V71/><F123/><W115/><G121/><T74/><D109/><U92/><E134/><V135/><F135/><W41/><G68/><T119/><D119/><U120/><E120/><V133/><F133/><W9/><G34/><T94/><D74/><U43/><E21/><V90/><F79/><W132/><G132/><T126/><D126/><U33/><E33/><V7/><F7/><W13/><G127/><T20/><D76/><U122/><E122/><V39/><F39/><W24/><G100/><T14/><D67/><U125/><E125/><V91/><F29/><W1/><G1/><T105/><D105/><U118/><E118/><V15/><F95/><W128/><G128/><T0/><D51/><U108/><E108/><V70/><F55/><W114/><G89/><T16/><D0/><U111/><E111/><V12/><F12/><W106/><G106/><T3/><D3/><U81/><E64/><V47/><F17/><W25/><G22/><T103/><D97/><U31/><E31/><V40/><F40/><W99/><G99/><T32/><D32/><U4/><E4/><V6/><F6/><N who="3" m="3255" /><G48/><T66/><D66/><U112/><E112/><V46/><F46/><W28/><G28/><T117/><D117/><U73/><E93/><V80/><F65/><W83/><AGARI ba="2,0" hai="24,25,26,41,42,75,78,83,113,114,115" m="3255" machi="83" ten="40,2700,0" yaku="15,1,11,1" doraHai="53" who="3" fromWho="3" sc="216,-9,23,-9,201,-15,560,33" /><INIT seed="7,0,0,3,2,74" ten="207,14,186,593" oya="3" hai0="13,38,3,87,93,27,135,28,52,39,24,104,51" hai1="11,128,30,129,123,131,47,95,61,8,53,127,114" hai2="83,112,81,42,26,65,29,22,133,89,108,7,119" hai3="69,77,120,48,20,50,72,68,6,86,111,116,109"/><W90/><G77/><T9/><D104/><U40/><E95/><V43/><F119/><W36/><G6/><T118/><D118/><U18/><E30/><V46/><F108/><W106/><G20/><T62/><D3/><U122/><E18/><V57/><F112/><W60/><G60/><T80/><D135/><U82/><E11/><V115/><F115/><W35/><G50/><T5/><D62/><U75/><E8/><V70/><F70/><W105/><G48/><T12/><D93/><U84/><E75/><V41/><F133/><W67/><G67/><T113/><D113/><U10/><E10/><V121/><F65/><W56/><G90/><T21/><D27/><U91/><E114/><V19/><F7/><W92/><G92/><T58/><D13/><U97/><E97/><V16/><F57/><W14/><G86/><T44/><D58/><U66/><E53/><V110/><F110/><W2/><G56/><T31/><D31/><U33/><E33/><V94/><F121/><W64/><G35/><T76/><AGARI ba="0,0" hai="5,9,12,21,24,28,38,39,44,51,52,76,80,87" machi="76" ten="20,5200,0" yaku="0,1,7,1,52,1,54,1" doraHai="74" who="0" fromWho="0" sc="207,52,14,-13,186,-13,593,-26" owari="259,5.9,1,-49.9,173,-22.7,567,66.7" /></mjloggm>