<mjloggm ver="2.3"><GO type="169" lobby="0"/><UN n0="%E6%96%B9%E5%86%86%E8%87%AA%E5%9C%A8" n1="%E3%83%90%E3%82%AD" n2="%E9%9D%92%E6%A3%AE%E3%81%AE%E7%9C%BC%E9%8F%A1%E5%85%88%E8%BC%A9" n3="%E4%B8%80%E7%95%AA%E3%81%84%E3%81%A1%E3%81%B0%E3%82%93" dan="17,16,16,16" rate="2174.20,2122.30,2041.55,2087.61" sx="M,M,M,F"/><TAIKYOKU oya="0"/><INIT seed="0,0,0,3,4,0" ten="250,250,250,250" oya="0" hai0="44,101,18,58,5,126,82,37,55,112,111,128,66" hai1="50,69,86,13,133,120,3,124,62,93,23,65,63" hai2="85,53,19,121,59,113,4,74,45,107,28,6,48" hai3="115,61,24,103,17,21,125,134,68,72,99,135,100"/><T70/><D101/><U29/><E120/><V117/><F113/><W15/><G115/><T12/><D112/><U56/><E3/><V76/><F121/><W80/><G125/><T104/><D104/><U1/><E1/><V31/><F74/><W118/><G118/><T73/><D126/><U33/><E124/><V130/><F130/><W10/><G72/><T108/><D128/><U7/><E133/><N who="3" m="50698" /><G80/><T92/><D92/><U84/><E50/><V83/><F107/><N who="3" m="63903" /><G103/><T26/><D26/><U22/><E93/><V131/><F131/><W91/><G91/><T95/><D95/><U16/><E7/><N who="2" m="2603" /><F117/><W27/><G10/><N who="0" m="4175" /><D18/><U2/><E2/><V122/><F122/><W54/><G68/><T110/><D70/><U34/><E34/><V109/><F109/><W38/><G38/><T60/><D82/><U78/><E33/><V39/><F39/><W11/><G11/><T90/><D90/><U64/><REACH who="1" step="1"/><E78/><REACH who="1" ten="250,240,250,250" step="2"/><V87/><F76/><W97/><G97/><T116/><D116/><U9/><E9/><V14/><F83/><W41/><G21/><T132/><D37/><U8/><E8/><N who="2" m="6599" /><F45/><W71/><G71/><T106/><D132/><U20/><E20/><V67/><F67/><W40/><G61/><T35/><D35/><U114/><E114/><V94/><F94/><W47/><G47/><T51/><D106/><U52/><E52/><V30/><AGARI ba="0,1" hai="28,30,31,48,53,59,85,87" m="6599,2603" machi="30" ten="30,7900,0" yaku="8,1,52,3" doraHai="0" who="2" fromWho="2" sc="250,-39,240,-20,250,89,250,-20" /><INIT seed="1,0,0,2,2,18" ten="211,220,339,230" oya="1" hai0="125,15,126,30,81,22,100,112,28,101,58,133,76" hai1="127,108,107,41,97,36,75,45,85,130,106,21,43" hai2="38,132,96,73,131,55,69,99,124,114,66,72,87" hai3="3,79,129,83,122,70,88,90,33,82,135,2,17"/><U118/><E118/><V103/><F38/><W98/><G70/><T48/><D112/><U25/><E75/><V53/><F66/><W35/><G122/><T26/><D133/><U111/><E127/><N who="0" m="48649" /><D28/><U23/><E130/><V78/><F69/><W92/><G135/><T0/><D0/><U65/><E65/><V29/><F29/><W74/><G129/><T94/><D94/><U40/><E85/><V47/><F87/><W42/><G42/><N who="1" m="16490" /><E25/><V24/><F24/><W39/><G39/><T51/><D15/><U46/><E46/><V44/><F114/><W95/><G82/><T9/><D9/><U67/><E67/><V20/><F124/><W8/><G2/><T10/><D10/><U121/><E121/><V71/><F131/><W93/><G93/><T61/><D81/><U37/><E37/><V7/><F132/><W120/><G120/><T116/><D76/><U50/><E50/><N who="0" m="18985" /><D116/><U128/><E128/><V34/><F78/><W117/><G117/><T49/><N who="0" m="18993" /><T113/><DORA hai="19" /><D113/><U11/><E11/><V16/><F44/><W105/><G105/><N who="1" m="39946" /><E97/><V5/><F47/><W89/><G3/><T110/><D110/><AGARI ba="0,0" hai="21,23,36,43,45,108,110,111" m="39946,16490" machi="110" ten="30,18000,2" yaku="14,1,10,1,52,4" doraHai="18,19" who="1" fromWho="0" sc="211,-180,220,180,339,0,230,0" /><BYE who="0" /><INIT seed="1,1,0,0,2,8" ten="31,400,339,230" oya="1" hai0="132,90,104,15,72,36,100,86,125,71,74,126,83" hai1="95,84,107,5,26,115,22,58,20,94,24,49,7" hai2="96,39,124,91,135,44,89,112,10,102,103,6,0" hai3="123,121,23,34,50,68,25,93,108,37,120,52,77"/><U97/><E107/><V69/><F69/><W9/><G37/><T42/><D42/><U88/><E115/><V57/><F135/><W76/><G68/><T101/><D101/><U81/><E95/><V32/><F32/><W55/><G34/><UN n0="%E6%96%B9%E5%86%86%E8%87%AA%E5%9C%A8" /><T27/><D15/><U38/><E38/><V80/><F124/><W40/><G108/><T65/><D36/><U19/><E58/><V54/><F103/><W17/><G93/><T110/><D27/><U79/><REACH who="1" step="1"/><E49/><REACH who="1" ten="31,390,339,230" step="2"/><V29/><F57/><W3/><G123/><T21/><D104/><U67/><E67/><V130/><F39/><W128/><G121/><T47/><D65/><U111/><E111/><V113/><F113/><W63/><G120/><T12/><D71/><U33/><E33/><V118/><F112/><W127/><G127/><T116/><D110/><U82/><E82/><V1/><F80/><W51/><G51/><T73/><D125/><U117/><E117/><V48/><F118/><W60/><G50/><T16/><D126/><U106/><E106/><V105/><F105/><W87/><G63/><T11/><D83/><U131/><E131/><V98/><F130/><W28/><G60/><T31/><D116/><U14/><E14/><V85/><F48/><W134/><G128/><T59/><D12/><U45/><E45/><V2/><F44/><W56/><G56/><T61/><D59/><U75/><E75/><V35/><F35/><W114/><G114/><T109/><D72/><U30/><AGARI ba="1,1" hai="5,7,19,20,22,24,26,30,79,81,84,88,94,97" machi="30" ten="20,12000,1" yaku="1,1,0,1,7,1,8,1,54,1,53,0" doraHai="8" doraHaiUra="133" who="1" fromWho="1" sc="31,-41,390,133,339,-41,230,-41" owari="-10,-51.0,523,62.3,298,9.8,189,-21.1" /></mjloggm>