<mjloggm ver="2.3"><GO type="169" lobby="0"/><UN n0="%E5%85%A8%E9%80%9F%E3%82%86%E3%83%BC%E3%81%B8%E3%81%84" n1="%E7%9C%9F%E4%B8%80" n2="%E3%83%8A%E3%82%B9%E3%83%9C%E3%82%A6" n3="%E5%BE%A1%E5%BD%B1%E3%82%86%E3%81%9A%E3%81%8D" dan="18,16,16,16" rate="2244.05,2166.40,2033.95,2148.48" sx="M,M,M,M"/><TAIKYOKU oya="0"/><INIT seed="0,0,0,1,0,13" ten="250,250,250,250" oya="0" hai0="46,29,3,76,113,119,75,69,88,127,79,101,130" hai1="8,12,22,107,100,55,65,33,20,102,122,59,77" hai2="38,131,6,54,26,99,86,10,72,17,110,105,44" hai3="39,56,103,27,50,7,11,43,115,42,84,36,78"/><T89/><D3/><U111/><E122/><V114/><F72/><W35/><G103/><N who="1" m="39466" /><E33/><V106/><F110/><W73/><G73/><T14/><D69/><U121/><E121/><V16/><F131/><W25/><G35/><T49/><D113/><U118/><E107/><V124/><F124/><W4/><G78/><N who="0" m="29739" /><D119/><U80/><E65/><V18/><F99/><W9/><G84/><T64/><D127/><U123/><E118/><V70/><F70/><W1/><G56/><T71/><D71/><U90/><E77/><V66/><F66/><W109/><G1/><T112/><D112/><U82/><E111/><V129/><F129/><W92/><G115/><T30/><D130/><U53/><E53/><V47/><F114/><W125/><G125/><T98/><D64/><U128/><E128/><V51/><F86/><W104/><G104/><T67/><D67/><U24/><E123/><V34/><F26/><W95/><REACH who="3" step="1"/><G50/><REACH who="3" ten="250,250,250,240" step="2"/><T96/><D75/><U52/><E59/><V41/><REACH who="2" step="1"/><F34/><REACH who="2" ten="250,250,240,240" step="2"/><W0/><G0/><AGARI ba="0,2" hai="0,6,10,16,17,18,38,41,44,47,51,54,105,106" machi="0" ten="40,12000,2" yaku="1,1,2,1,52,3,54,1,53,0" doraHai="13" doraHaiUra="83" who="2" fromWho="3" sc="250,0,250,0,240,140,240,-120" /><INIT seed="1,0,0,0,0,59" ten="250,250,380,120" oya="1" hai0="93,102,64,13,132,110,63,1,73,9,49,101,115" hai1="89,107,17,122,83,21,32,113,125,62,134,4,95" hai2="18,100,27,50,133,84,14,30,128,79,88,80,5" hai3="121,104,19,129,0,74,33,23,135,11,53,99,87"/><U78/><E122/><V82/><F128/><W108/><G33/><T55/><D115/><U112/><E107/><V127/><F127/><W66/><G74/><T45/><D1/><U119/><E119/><V106/><F5/><W3/><G121/><T22/><D73/><U26/><E125/><V65/><F133/><W111/><G87/><T60/><D110/><U20/><E32/><V71/><F50/><W114/><G53/><T116/><D116/><U16/><E4/><V57/><F71/><W37/><G37/><T90/><D22/><U124/><E134/><V8/><F106/><W2/><G99/><N who="0" m="57783" /><D64/><U109/><E109/><N who="3" m="42058" /><G104/><T52/><D55/><U61/><E124/><V70/><F100/><N who="0" m="38506" /><D132/><U15/><E112/><V34/><F70/><W131/><G135/><T31/><D31/><U44/><E44/><V77/><REACH who="2" step="1"/><F80/><REACH who="2" ten="250,250,370,120" step="2"/><W130/><G114/><T69/><D69/><U126/><E113/><V98/><F98/><W28/><G66/><T81/><D81/><U96/><REACH who="1" step="1"/><E126/><REACH who="1" ten="250,240,370,120" step="2"/><V46/><F46/><W29/><G129/><T85/><D85/><AGARI ba="0,2" hai="15,16,17,20,21,26,61,62,78,83,85,89,95,96" machi="85" ten="30,18000,2" yaku="1,1,2,1,7,1,8,1,52,2,54,1,53,0" doraHai="59" doraHaiUra="48" who="1" fromWho="0" sc="250,-180,240,200,370,0,120,0" /><INIT seed="1,1,0,5,0,89" ten="70,440,370,120" oya="1" hai0="15,49,120,32,130,96,133,112,98,83,46,73,74" hai1="76,109,101,107,132,38,110,71,7,56,125,50,114" hai2="24,94,128,36,6,93,2,87,106,135,84,79,12" hai3="69,31,88,104,124,40,58,10,95,119,126,25,63"/><U86/><E114/><V122/><F122/><W99/><G69/><T28/><D112/><U91/><E71/><V14/><F36/><W65/><G119/><T111/><D120/><U75/><E38/><V134/><F106/><W11/><G40/><T80/><D111/><N who="1" m="42507" /><E132/><N who="2" m="50731" /><F24/><W105/><G105/><T26/><D133/><U47/><E7/><V41/><F41/><W27/><G27/><T113/><D113/><U82/><E56/><V127/><F127/><N who="3" m="48683" /><G104/><T72/><D130/><U3/><E3/><V33/><F33/><AGARI ba="1,0" hai="10,11,25,31,33,58,63,65,88,95,99" m="48683" machi="33" ten="30,3900,0" yaku="18,1,52,1,54,1" doraHai="89" who="3" fromWho="2" sc="70,0,440,0,370,-42,120,42" /><INIT seed="2,0,0,4,2,104" ten="70,440,328,162" oya="2" hai0="106,37,123,107,26,68,42,21,3,91,43,57,118" hai1="124,11,112,49,19,85,13,50,99,31,25,82,81" hai2="86,24,6,2,67,1,60,88,75,63,54,69,17" hai3="45,113,51,66,83,29,119,87,111,14,9,72,125"/><V16/><F75/><W33/><G119/><T32/><D123/><U8/><E124/><V77/><F77/><W133/><G125/><T47/><D68/><U41/><E112/><V80/><F24/><W78/><G66/><T76/><D3/><U71/><E71/><V132/><F132/><W73/><G133/><T97/><D32/><U98/><E8/><V79/><F79/><W84/><G111/><T115/><D76/><U101/><E41/><V122/><F122/><W39/><G39/><T110/><D42/><U120/><E120/><V65/><F54/><W109/><G109/><T55/><D115/><U52/><E50/><V74/><F74/><W105/><G105/><T121/><D118/><U27/><E85/><V92/><F92/><W100/><G100/><T5/><D5/><U62/><E62/><V102/><F102/><W61/><G61/><N who="0" m="36031" /><D110/><U40/><E40/><V94/><F94/><W44/><G73/><T64/><D64/><U15/><E15/><V127/><F127/><W36/><G36/><T59/><D59/><N who="1" m="33167" /><E101/><V0/><REACH who="2" step="1"/><F6/><REACH who="2" ten="70,440,318,162" step="2"/><W7/><G113/><T38/><D121/><U90/><E27/><V116/><F116/><W129/><G72/><T96/><D38/><U20/><E82/><V48/><F48/><W93/><G7/><T53/><D53/><U18/><E81/><V131/><F131/><W46/><G129/><T56/><D107/><U70/><E25/><V114/><F114/><W10/><G78/><T135/><D106/><U58/><E90/><V4/><F4/><W23/><G83/><T22/><D135/><U134/><E134/><RYUUKYOKU ba="0,1" sc="70,-10,440,-10,318,30,162,-10" hai2="0,1,2,16,17,60,63,65,67,69,80,86,88" /><INIT seed="2,1,1,4,2,92" ten="60,430,348,152" oya="2" hai0="26,90,32,112,21,2,3,61,44,67,93,34,132" hai1="124,63,73,52,69,57,120,40,68,1,110,42,12" hai2="125,4,25,78,13,79,70,66,131,109,18,85,62" hai3="122,83,128,84,10,35,38,51,56,95,19,20,81"/><V126/><F4/><W97/><G38/><T15/><D112/><U115/><E1/><V130/><F25/><W111/><G35/><T123/><D123/><U127/><E73/><V33/><F33/><W108/><G122/><T117/><D32/><U24/><E120/><V87/><F109/><N who="3" m="42059" /><G10/><T102/><D132/><U39/><E110/><V72/><F72/><W104/><G104/><T74/><D74/><U47/><E24/><V5/><F5/><W30/><G30/><T94/><D117/><U118/><E12/><V135/><F135/><W96/><G95/><T43/><D15/><U49/><E115/><V53/><F53/><N who="3" m="31807" /><G128/><N who="2" m="49193" /><F78/><N who="3" m="46135" /><G83/><T129/><D34/><U86/><E86/><N who="2" m="32779" /><F79/><W7/><G7/><T16/><D129/><U48/><E118/><V8/><AGARI ba="1,1" hai="8,13,18,62,66,70,125,126" m="32779,49193" machi="8" ten="30,1500,0" yaku="19,1" doraHai="92" who="2" fromWho="2" sc="60,-6,430,-6,348,28,152,-6" /><INIT seed="2,2,0,0,0,111" ten="54,424,376,146" oya="2" hai0="128,48,47,106,4,64,120,15,44,69,108,50,135" hai1="80,118,34,56,76,17,29,38,107,27,124,89,109" hai2="31,49,84,10,125,57,3,2,131,104,19,126,121" hai3="26,72,43,36,105,40,20,119,114,127,99,0,74"/><V123/><F104/><W21/><G99/><T6/><D106/><U55/><E118/><V28/><F84/><W66/><G26/><T98/><D108/><U13/><E109/><V100/><F100/><W116/><G66/><T12/><D69/><U86/><E124/><N who="2" m="47723" /><F131/><W91/><G105/><T110/><D110/><U8/><E107/><V71/><F71/><W11/><G91/><T94/><D64/><U93/><E38/><V63/><F49/><W129/><G127/><T68/><D68/><U1/><E1/><N who="2" m="11" /><F57/><W5/><G0/><T22/><D135/><U88/><REACH who="1" step="1"/><E93/><REACH who="1" ten="54,414,376,146" step="2"/><V90/><F123/><W132/><G36/><T9/><D120/><U97/><E97/><V83/><F121/><W46/><G119/><T41/><D128/><U18/><E18/><V33/><F19/><W87/><G129/><T45/><D6/><U39/><E39/><V53/><F83/><W58/><G5/><T35/><D98/><U7/><E7/><V24/><F31/><W81/><G116/><T78/><D94/><U95/><E95/><V73/><F73/><W79/><G74/><T130/><D130/><U65/><E65/><V101/><F101/><W92/><G72/><T82/><D82/><U102/><E102/><V60/><F90/><W42/><G81/><T16/><D78/><U103/><E103/><V32/><F28/><W54/><G79/><T59/><D35/><U133/><E133/><V51/><F33/><W52/><G132/><T85/><D85/><U77/><E77/><V96/><F96/><W112/><G92/><T14/><D14/><U30/><E30/><RYUUKYOKU ba="2,1" sc="54,15,414,15,376,-15,146,-15" hai0="4,9,12,15,16,22,41,44,45,47,48,50,59" hai1="8,13,17,27,29,34,55,56,76,80,86,88,89" /><INIT seed="3,3,1,0,0,123" ten="69,429,361,131" oya="3" hai0="30,74,21,70,82,114,121,25,36,9,102,120,29" hai1="118,1,124,23,109,134,16,115,129,49,76,94,131" hai2="126,46,77,105,108,2,58,100,128,97,15,34,90" hai3="40,106,130,79,88,81,75,101,35,80,71,83,19"/><W6/><G35/><T54/><D70/><U86/><E115/><V27/><F2/><W85/><G71/><T50/><D36/><U73/><E1/><V116/><F46/><W28/><G28/><T99/><D114/><U37/><E37/><V61/><F90/><W17/><G40/><T11/><D30/><U95/><E124/><V104/><F126/><W24/><G6/><T42/><D42/><U7/><E7/><V44/><F44/><W68/><G68/><T51/><D51/><U12/><E134/><V3/><F3/><W66/><G66/><T43/><D43/><U132/><E132/><V20/><F128/><N who="1" m="49225" /><E73/><V69/><F105/><W87/><G24/><T110/><D110/><U122/><E122/><V133/><F108/><W32/><G32/><T56/><D121/><U127/><E127/><V8/><F34/><W4/><G4/><T111/><D111/><U72/><E72/><V41/><F41/><W22/><G22/><T67/><D67/><U55/><E118/><V38/><F116/><W26/><G26/><T31/><D31/><U96/><E96/><V10/><F38/><W84/><G130/><T62/><D120/><U113/><E113/><V117/><F117/><W63/><G19/><T103/><D50/><U93/><E109/><V47/><F133/><W135/><G17/><T14/><D99/><U48/><E55/><N who="2" m="34015" /><F97/><N who="3" m="61743" /><G135/><T5/><REACH who="0" step="1"/><D11/><REACH who="0" ten="59,429,361,131" step="2"/><U57/><E57/><V112/><F69/><W53/><G53/><T13/><D13/><U64/><E64/><V91/><F112/><W45/><G63/><T125/><D125/><U52/><E52/><RYUUKYOKU ba="3,2" sc="59,15,429,15,361,-15,131,-15" hai0="5,9,14,21,25,29,54,56,62,74,82,102,103" hai1="12,16,23,48,49,76,86,93,94,95" /><INIT seed="4,4,2,3,3,79" ten="74,444,346,116" oya="0" hai0="108,133,42,64,114,13,24,49,46,107,27,77,58" hai1="10,131,124,132,35,2,11,90,67,30,111,59,17" hai2="50,31,15,73,103,63,9,56,54,135,97,69,4" hai3="87,70,41,52,119,101,36,48,12,51,5,28,91"/><T115/><D107/><U118/><E118/><V93/><F135/><W116/><G70/><T110/><D77/><U60/><E111/><N who="0" m="42537" /><D13/><U20/><E131/><V65/><F31/><W43/><G36/><T88/><D133/><U62/><E132/><V78/><REACH who="2" step="1"/><F78/><REACH who="2" ten="74,444,336,116" step="2"/><W33/><G28/><T94/><D115/><U134/><E30/><V86/><F86/><W121/><G87/><N who="0" m="52511" /><D114/><U53/><E134/><V95/><F95/><W106/><G106/><T85/><D85/><U99/><E99/><V92/><F92/><W21/><G119/><T80/><D80/><U68/><E35/><V16/><F16/><W123/><G33/><T126/><D126/><U32/><E124/><V76/><F76/><W127/><G127/><T117/><D117/><U23/><E17/><V104/><F104/><W112/><G116/><T34/><D34/><U8/><E32/><V57/><F57/><W72/><G112/><T98/><D98/><U100/><E59/><V128/><F128/><W19/><G19/><T84/><D84/><U75/><E68/><V81/><F81/><W29/><G29/><T14/><D14/><U109/><E2/><V44/><F44/><W45/><G12/><T120/><D120/><U37/><E75/><AGARI ba="4,3" hai="4,9,15,50,54,56,63,65,69,73,75,93,97,103" machi="75" ten="40,2600,0" yaku="1,1,53,1" doraHai="79" doraHaiUra="0" who="2" fromWho="1" sc="74,0,444,-38,336,68,116,0" /><INIT seed="5,0,0,2,3,0" ten="74,406,404,116" oya="1" hai0="5,127,61,126,100,103,83,63,92,71,41,49,24" hai1="95,115,40,67,102,109,8,76,20,106,112,86,17" hai2="91,90,93,30,15,64,39,89,77,48,10,4,69" hai3="50,132,11,114,22,33,56,58,14,55,85,51,38"/><U134/><E106/><V88/><F39/><W25/><G38/><T59/><D71/><U74/><E134/><V122/><F122/><W66/><G33/><T123/><D123/><U45/><E109/><V53/><F69/><W94/><G132/><T7/><D83/><U62/><E74/><V19/><F64/><W73/><G73/><T27/><D41/><U34/><E34/><V135/><F135/><W46/><G66/><T16/><D49/><U121/><E121/><V2/><F30/><W13/><G114/><T32/><D32/><U65/><E8/><V104/><F77/><W113/><G113/><N who="1" m="43594" /><E76/><V98/><F104/><W75/><G13/><T105/><D105/><U9/><E9/><V117/><F117/><W116/><G51/><T57/><REACH who="0" step="1"/><D16/><REACH who="0" ten="64,406,404,116" step="2"/><U70/><E70/><V21/><F91/><N who="3" m="53615" /><G116/><T18/><D18/><U120/><E120/><V108/><F108/><W29/><G75/><T128/><D128/><U99/><E62/><V107/><F107/><W3/><G3/><T78/><D78/><U35/><E35/><V124/><REACH who="2" step="1"/><F124/><REACH who="2" ten="64,406,394,116" step="2"/><W87/><G29/><T111/><D111/><U44/><E102/><V119/><F119/><W12/><G50/><T54/><D54/><U81/><E67/><V96/><F96/><W97/><G55/><T6/><D6/><U43/><E65/><V36/><F36/><W28/><G97/><T42/><D42/><U130/><E43/><V1/><F1/><W125/><G28/><T80/><D80/><U131/><E40/><V133/><F133/><W68/><G125/><T47/><D47/><AGARI ba="0,2" hai="2,4,10,15,19,21,47,48,53,88,89,90,93,98" machi="47" ten="30,7700,0" yaku="1,1,7,1,52,1,54,1,53,0" doraHai="0" doraHaiUra="82" who="2" fromWho="0" sc="64,-77,406,0,394,97,116,0" owari="-13,-51.3,406,20.6,491,59.1,116,-28.4" /></mjloggm>