<mjloggm ver="2.3"><GO type="169" lobby="0"/><UN n0="%E8%82%89%E5%9B%A3%E5%AD%90%E5%85%88%E7%94%9F" n1="%74%34%63%34%32%32" n2="%E6%9A%97%E9%BB%92%E7%96%BE%E9%A2%A8%E9%BE%8D%E7%8E%8B%E4%B8%B8" n3="%E4%BB%99%E5%A2%83%E5%B0%BE%E7%80%AC%E6%B2%BC%E8%8A%B1%E3%81%AE%E5%8E%9F" dan="16,16,16,16" rate="2061.21,2138.11,2034.16,2012.62" sx="M,M,M,F"/><TAIKYOKU oya="0"/><INIT seed="0,0,0,5,2,104" ten="250,250,250,250" oya="0" hai0="9,24,99,57,135,12,109,8,113,107,121,91,96" hai1="112,118,43,117,51,59,55,39,87,77,47,84,108" hai2="123,79,130,127,38,64,132,58,101,17,1,6,114" hai3="95,134,48,92,2,45,70,129,37,75,7,73,25"/><T78/><D113/><U111/><E77/><V122/><F101/><W5/><G70/><T20/><D121/><U76/><E76/><V125/><F79/><W110/><G37/><T68/><D68/><U10/><E87/><V19/><F64/><W50/><G110/><N who="1" m="42026" /><E84/><V74/><F58/><W115/><G129/><T66/><D135/><U49/><E10/><V29/><F38/><W35/><G45/><T34/><D34/><U83/><E83/><V128/><F29/><W21/><G21/><T18/><D78/><U40/><E112/><V56/><F56/><W124/><G115/><T27/><D109/><U46/><AGARI ba="0,0" hai="39,40,43,46,47,49,51,55,59,117,118" m="42026" machi="46" ten="30,4000,0" yaku="14,1,34,2" doraHai="104" who="1" fromWho="1" sc="250,-20,250,40,250,-10,250,-10" /><INIT seed="1,0,0,0,2,58" ten="230,290,240,240" oya="1" hai0="45,92,113,55,34,21,76,17,110,127,134,38,20" hai1="66,1,53,103,100,23,116,129,46,117,108,41,29" hai2="61,68,3,7,35,42,37,93,97,128,27,64,135" hai3="9,114,98,99,31,125,16,50,104,26,70,112,47"/><U62/><E1/><V12/><F135/><W122/><G122/><T2/><D113/><U0/><E0/><V18/><F128/><W72/><G72/><T40/><D2/><U75/><E75/><V132/><F132/><W73/><G73/><T25/><D134/><U79/><E79/><V81/><F81/><W85/><G125/><T65/><D34/><U14/><E129/><V95/><F42/><W19/><G70/><T13/><D110/><U49/><E108/><V109/><F37/><W121/><G121/><T43/><D43/><U111/><E111/><V105/><F109/><W126/><G126/><T69/><D76/><U44/><E116/><V131/><F131/><W5/><G85/><T124/><D55/><U74/><E74/><V115/><F115/><W120/><G120/><T96/><D65/><U15/><E29/><N who="2" m="19903" /><F7/><W88/><G31/><T28/><REACH who="0" step="1"/><D69/><REACH who="0" ten="220,290,240,240" step="2"/><U118/><E118/><V102/><F3/><W106/><G114/><T8/><D8/><AGARI ba="0,1" hai="8,12,18,61,64,68,93,95,97,102,105" m="19903" machi="8" ten="30,2000,0" yaku="25,1,52,1" doraHai="58" who="2" fromWho="0" sc="220,-20,290,0,240,30,240,0" /><INIT seed="2,0,0,3,0,34" ten="200,290,270,240" oya="2" hai0="61,84,124,64,85,88,114,56,40,6,10,30,39" hai1="78,95,126,132,103,57,110,83,91,29,121,104,58" hai2="93,134,37,47,82,49,63,17,111,99,53,86,133" hai3="43,54,74,12,119,118,4,5,19,81,41,22,35"/><V112/><F112/><W60/><G35/><T23/><D124/><U67/><E126/><V76/><F111/><W102/><G102/><T98/><D114/><U135/><E110/><V79/><F37/><W73/><G81/><T90/><D40/><U69/><E29/><V68/><F79/><W8/><G60/><T87/><D39/><U59/><E121/><V46/><F46/><W116/><G54/><T72/><D72/><N who="1" m="43463" /><E69/><V25/><F68/><W107/><G107/><T21/><D98/><N who="1" m="61559" /><E67/><V52/><F17/><W97/><G97/><T129/><D129/><U94/><E94/><V62/><F25/><W11/><G74/><T27/><REACH who="0" step="1"/><D23/><REACH who="0" ten="190,290,270,240" step="2"/><U80/><E80/><V105/><F105/><W26/><REACH who="3" step="1"/><G73/><REACH who="3" ten="190,290,270,230" step="2"/><T7/><D7/><U125/><E125/><V77/><F77/><W1/><AGARI ba="0,2" hai="1,4,5,8,11,12,19,22,26,41,43,116,118,119" machi="1" ten="30,7900,0" yaku="1,1,2,1,0,1,52,1,53,0" doraHai="34" doraHaiUra="44" who="3" fromWho="3" sc="190,-20,290,-20,270,-39,230,99" /><INIT seed="3,0,0,3,1,75" ten="170,270,231,329" oya="3" hai0="133,49,22,92,107,26,121,135,106,47,37,72,20" hai1="70,77,0,8,29,31,80,71,55,95,51,43,81" hai2="50,129,12,11,54,5,99,101,73,67,128,2,35" hai3="56,3,34,115,97,120,25,33,125,40,61,83,59"/><W53/><G3/><T16/><D72/><U79/><E43/><V131/><F35/><W64/><G115/><T44/><D121/><U42/><E42/><V1/><F73/><W41/><G120/><T89/><D37/><U102/><E70/><V109/><F67/><W108/><G125/><T84/><D22/><U78/><E71/><V17/><F5/><W30/><G33/><T103/><D47/><N who="1" m="28159" /><E8/><V57/><REACH who="2" step="1"/><F109/><REACH who="2" ten="170,270,221,329" step="2"/><W113/><G108/><T6/><D6/><U39/><E0/><V100/><F100/><W124/><G64/><T9/><D103/><U123/><E123/><V10/><F10/><W86/><G124/><T93/><D9/><U127/><E127/><V134/><F134/><N who="0" m="51210" /><D93/><AGARI ba="0,1" hai="1,2,11,12,17,50,54,57,93,99,101,128,129,131" machi="93" ten="40,2600,0" yaku="1,1,19,1,53,0" doraHai="75" doraHaiUra="28" who="2" fromWho="0" sc="170,-26,270,0,221,36,329,0" /><INIT seed="4,0,0,4,4,58" ten="144,270,257,329" oya="0" hai0="113,33,96,102,107,81,43,128,62,77,37,49,65" hai1="124,85,134,92,115,89,71,7,28,5,106,1,118" hai2="41,61,95,69,23,91,25,30,24,44,55,66,45" hai3="48,80,87,93,2,14,74,121,63,114,130,19,122"/><T27/><D113/><U47/><E118/><V101/><F101/><W75/><G2/><T21/><D128/><U131/><E131/><V70/><F70/><W31/><G114/><T20/><D37/><U111/><E111/><V79/><F79/><W17/><G130/><T64/><D64/><U135/><E124/><V3/><F3/><W90/><G31/><T84/><D49/><U52/><E71/><V68/><F68/><W38/><G38/><T29/><REACH who="0" step="1"/><D43/><REACH who="0" ten="134,270,257,329" step="2"/><U4/><E115/><V76/><F41/><W119/><G48/><T78/><D78/><U133/><E133/><V56/><F76/><W34/><G119/><T42/><D42/><U54/><E135/><V46/><F69/><AGARI ba="0,1" hai="20,21,27,29,33,62,65,69,77,81,84,96,102,107" machi="69" ten="30,12000,1" yaku="1,1,7,1,25,2,52,1,53,0" doraHai="58" doraHaiUra="39" who="0" fromWho="2" sc="134,130,270,0,257,-120,329,0" /><INIT seed="4,1,0,5,4,109" ten="264,270,137,329" oya="0" hai0="121,67,22,75,115,71,76,104,9,20,110,131,116" hai1="56,69,16,74,97,62,55,19,87,86,15,25,73" hai2="41,18,21,129,133,65,80,54,36,40,23,59,44" hai3="126,4,63,91,7,50,100,57,124,103,127,26,117"/><T99/><D116/><U60/><E97/><V42/><F133/><W105/><G117/><T94/><D121/><U83/><E87/><V1/><F129/><W45/><G91/><T122/><D122/><U114/><E25/><V96/><F1/><W39/><G39/><T134/><D104/><U113/><E62/><V37/><F65/><N who="3" m="39151" /><G26/><T128/><D134/><U12/><E69/><V72/><F23/><W5/><G105/><T98/><D110/><U102/><E102/><V64/><F64/><W2/><G2/><T6/><D71/><U17/><E73/><V58/><F58/><W13/><G13/><T35/><D67/><U66/><E66/><V49/><F96/><W30/><G30/><T24/><D35/><U51/><E74/><V106/><F106/><W11/><G11/><T112/><D76/><N who="1" m="46439" /><E60/><V120/><F37/><W28/><G28/><T118/><D75/><U93/><E93/><V14/><REACH who="2" step="1"/><F120/><REACH who="2" ten="264,270,127,329" step="2"/><W89/><G127/><T111/><D118/><U119/><E119/><V107/><F107/><W38/><G38/><T123/><D123/><U52/><E55/><V47/><F47/><W130/><G126/><T68/><D111/><U132/><E132/><V43/><F43/><W101/><G130/><N who="0" m="49707" /><D99/><U90/><E90/><V135/><F135/><W92/><G124/><T84/><D22/><U78/><E78/><AGARI ba="1,1" hai="14,18,21,36,40,41,42,44,49,54,59,72,78,80" machi="78" ten="40,2600,0" yaku="1,1,53,1" doraHai="109" doraHaiUra="10" who="2" fromWho="1" sc="264,0,270,-29,127,39,329,0" /><INIT seed="5,0,0,3,0,50" ten="264,241,166,329" oya="1" hai0="113,92,15,59,18,3,77,46,22,52,41,85,30" hai1="88,108,90,61,57,83,117,97,72,67,130,13,25" hai2="2,128,37,66,114,116,23,95,21,112,69,24,78" hai3="64,81,132,110,115,54,5,71,12,125,7,31,26"/><U0/><E0/><V121/><F78/><W73/><G110/><T56/><D113/><N who="2" m="43626" /><F37/><W134/><G125/><T126/><D3/><U19/><E108/><V96/><F66/><W33/><G73/><T131/><D131/><U49/><E117/><V63/><F69/><W8/><G81/><T105/><D105/><U107/><E25/><V104/><F104/><W84/><G84/><T135/><D135/><N who="3" m="51753" /><G115/><T38/><D30/><U58/><E130/><V9/><F128/><W124/><G124/><T14/><D59/><U27/><E27/><V127/><F127/><W42/><G42/><T101/><D101/><U62/><E72/><V35/><F116/><W51/><G5/><T43/><D43/><U60/><E83/><V80/><F80/><W98/><G98/><T53/><D77/><U74/><E74/><V36/><F36/><W39/><G39/><T129/><D129/><U32/><E32/><V16/><F63/><N who="1" m="24137" /><E107/><V89/><F121/><W65/><G71/><T100/><D126/><U103/><E97/><V55/><F2/><W44/><AGARI ba="0,0" hai="7,8,12,26,31,33,44,51,54,64,65" m="51753" machi="44" ten="30,2000,0" yaku="20,1,52,1" doraHai="50" who="3" fromWho="3" sc="264,-5,241,-10,166,-5,329,20" /><INIT seed="6,0,0,4,4,45" ten="259,231,161,349" oya="2" hai0="114,75,116,103,33,105,93,121,56,18,70,23,126" hai1="124,118,78,130,27,112,17,128,16,52,73,87,47" hai2="2,108,19,40,98,122,99,92,84,117,91,127,135" hai3="8,60,79,82,25,29,57,80,90,35,59,131,30"/><V55/><F117/><W20/><G131/><N who="1" m="50218" /><E118/><V94/><F122/><W28/><G35/><T120/><D33/><U64/><E64/><V58/><F135/><W86/><G8/><T43/><D75/><U13/><E124/><V88/><F127/><W72/><G57/><T100/><D70/><U65/><E65/><AGARI ba="0,0" hai="20,25,28,29,30,59,60,65,72,79,80,82,86,90" machi="65" ten="30,1000,0" yaku="7,1" doraHai="45" who="3" fromWho="1" sc="259,0,231,-10,161,0,349,10" /><INIT seed="7,0,0,5,1,125" ten="259,221,161,359" oya="3" hai0="85,26,110,10,22,21,30,43,107,51,90,63,114" hai1="73,16,81,41,0,56,38,80,29,60,2,92,61" hai2="71,54,126,64,91,104,88,128,9,82,65,58,45" hai3="32,108,83,34,62,78,124,106,117,99,11,75,112"/><W119/><G112/><T79/><D110/><U7/><E29/><V23/><F126/><W118/><G124/><T35/><D107/><U49/><E49/><V8/><F104/><W69/><G108/><T133/><D133/><U31/><E31/><V46/><F71/><W74/><G74/><T121/><D121/><U86/><E81/><V33/><F33/><W87/><G87/><T116/><D79/><U5/><E0/><V20/><F58/><W67/><G11/><T18/><D116/><U68/><E68/><V94/><F54/><W135/><G135/><T98/><D98/><U42/><E92/><V36/><F36/><W59/><G59/><T27/><D63/><N who="1" m="24139" /><E73/><V103/><F94/><W72/><G72/><T123/><D123/><U77/><E2/><V102/><F128/><W100/><AGARI ba="0,0" hai="32,34,62,67,69,75,78,83,99,100,106,117,118,119" machi="100" ten="40,7800,0" yaku="0,1,23,2" doraHai="125" who="3" fromWho="3" sc="259,-26,221,-26,161,-26,359,78" owari="233,3.3,195,-20.5,135,-36.5,437,53.7" /></mjloggm>