<mjloggm ver="2.3"><GO type="169" lobby="0"/><UN n0="%6E%6F%73%75%6B%65" n1="%68%61%6B%75%30%37" n2="%E7%8C%9B%E5%8F%8D%E7%99%BA%E3%81%BE%E3%81%8F%E3%82%89" n3="%75%74%63%68%69%65" dan="17,18,16,16" rate="2142.17,2200.59,2114.88,2068.95" sx="M,M,M,M"/><TAIKYOKU oya="0"/><INIT seed="0,0,0,4,3,112" ten="250,250,250,250" oya="0" hai0="52,95,123,16,93,48,80,43,79,72,118,63,87" hai1="83,23,20,110,74,97,17,47,2,85,27,19,82" hai2="9,103,42,69,64,21,129,70,28,45,104,81,32" hai3="30,107,135,60,125,100,78,90,76,131,91,108,134"/><T25/><D123/><U40/><E2/><V126/><F129/><W55/><G30/><T75/><D75/><U33/><E110/><V10/><F126/><W109/><G55/><T71/><D118/><U117/><E33/><V1/><F21/><W18/><G60/><T31/><D72/><U127/><E127/><V3/><F10/><W29/><G18/><T115/><D115/><U13/><E74/><V59/><F59/><W133/><G29/><T106/><D106/><U114/><E114/><V96/><F81/><W128/><G100/><T44/><D16/><U73/><E73/><V14/><F14/><W99/><G107/><T62/><D62/><U35/><E35/><V86/><F86/><W113/><G113/><T111/><D111/><N who="3" m="42569" /><G125/><T101/><D101/><U46/><E97/><V120/><F120/><W105/><G105/><T67/><REACH who="0" step="1"/><D43/><REACH who="0" ten="240,250,250,250" step="2"/><U68/><E40/><V124/><F42/><W54/><G54/><T8/><D8/><U24/><E17/><V5/><F9/><W26/><G26/><T0/><D0/><U58/><E24/><V57/><F1/><W50/><G50/><T22/><AGARI ba="0,1" hai="22,25,31,44,48,52,63,67,71,79,80,87,93,95" machi="22" ten="20,7800,0" yaku="1,1,0,1,7,1,54,1,53,0" doraHai="112" doraHaiUra="53" who="0" fromWho="0" sc="240,88,250,-26,250,-26,250,-26" /><INIT seed="0,1,0,4,1,80" ten="328,224,224,224" oya="0" hai0="86,129,7,5,54,28,126,98,52,15,34,97,16" hai1="120,60,122,131,31,11,53,39,45,87,12,0,96" hai2="69,111,65,93,48,44,113,9,43,92,108,127,57" hai3="4,40,23,64,71,102,134,68,24,51,56,49,37"/><T38/><D126/><U22/><E131/><V130/><F113/><W6/><G102/><T36/><D129/><U95/><E0/><V123/><F130/><W59/><G134/><T89/><D28/><U58/><E39/><V62/><F127/><W41/><G23/><N who="0" m="11679" /><D34/><U101/><E45/><V99/><F123/><W74/><G24/><T27/><D27/><U109/><E109/><N who="2" m="42059" /><F9/><W135/><G64/><T42/><D42/><U17/><E31/><V70/><F92/><W77/><G77/><T20/><D20/><U128/><E128/><V85/><F85/><W103/><G103/><AGARI ba="1,0" hai="43,44,48,57,62,65,69,70,93,99,103" m="42059" machi="103" ten="30,1000,0" yaku="14,1" doraHai="80" who="2" fromWho="3" sc="328,0,224,0,224,13,224,-13" /><INIT seed="1,0,0,3,3,134" ten="328,224,237,211" oya="1" hai0="81,55,89,103,126,7,133,23,86,118,96,31,120" hai1="91,76,9,37,102,5,38,95,128,33,47,34,70" hai2="65,54,83,61,110,48,135,57,52,119,71,122,39" hai3="104,45,125,8,17,18,130,11,73,90,43,93,114"/><U24/><E70/><V129/><F119/><W115/><G104/><T14/><D133/><U127/><E128/><V101/><F135/><W49/><G130/><T116/><D120/><U105/><E76/><V29/><F129/><W113/><G73/><T75/><D75/><U56/><E102/><V72/><F122/><W20/><G18/><T63/><D126/><U35/><E105/><V10/><F110/><W131/><G131/><T121/><D121/><U109/><E47/><V22/><F101/><W26/><REACH who="3" step="1"/><G125/><REACH who="3" ten="328,224,237,201" step="2"/><T30/><D118/><U2/><E127/><V50/><F72/><W82/><G82/><T88/><D116/><U124/><E124/><V94/><F83/><W106/><G106/><T77/><D81/><U28/><E109/><V15/><F94/><W123/><G123/><T25/><D31/><U60/><E28/><V132/><F132/><W85/><AGARI ba="0,1" hai="8,11,17,20,26,43,45,49,85,90,93,113,114,115" machi="85" ten="30,7900,0" yaku="1,1,0,1,53,2" doraHai="134" doraHaiUra="4" who="3" fromWho="3" sc="328,-20,224,-39,237,-20,201,89" /><INIT seed="2,0,0,4,5,58" ten="308,185,217,290" oya="2" hai0="114,102,119,93,72,3,43,78,88,71,111,14,112" hai1="110,36,94,135,126,4,105,128,77,121,62,24,27" hai2="28,51,59,53,56,76,22,80,48,90,107,46,12" hai3="34,25,104,41,115,49,52,74,124,103,37,101,33"/><V129/><F129/><W1/><G74/><T64/><D3/><U120/><E105/><V35/><F35/><W79/><G79/><T85/><D111/><U44/><E110/><V39/><F107/><W9/><G41/><T98/><D119/><U20/><E128/><V54/><F90/><W92/><G37/><T117/><D117/><U131/><E131/><V47/><F39/><W32/><G104/><N who="0" m="63575" /><D43/><U91/><E135/><V69/><F69/><W118/><G124/><T15/><D15/><U5/><E77/><V40/><F40/><W30/><G115/><T26/><D14/><U106/><E106/><V70/><F70/><W81/><G81/><N who="0" m="45255" /><D26/><U84/><E24/><V29/><F12/><W109/><G109/><T60/><AGARI ba="0,0" hai="60,64,71,85,88,93,112,114" m="45255,63575" machi="60" ten="30,4000,0" yaku="24,1,52,1,54,1" doraHai="58" who="0" fromWho="0" sc="308,40,185,-10,217,-20,290,-10" /><INIT seed="3,0,0,3,2,38" ten="348,175,197,280" oya="3" hai0="90,3,95,104,96,10,73,45,53,111,93,74,8" hai1="56,134,19,103,67,120,106,35,48,105,75,47,84" hai2="97,92,32,69,50,98,39,18,100,30,70,7,62" hai3="0,25,113,57,86,131,51,116,15,41,20,40,44"/><W94/><G113/><T126/><D111/><U115/><E75/><V37/><F7/><W122/><G116/><T135/><D104/><U66/><E120/><V68/><F50/><W4/><G122/><T99/><D126/><U6/><E35/><V130/><F130/><W55/><G0/><T61/><D135/><U26/><E6/><V91/><F18/><W34/><G34/><T78/><D3/><U60/><E66/><V64/><F39/><W118/><G118/><T13/><D78/><U80/><E103/><V54/><F54/><W72/><G72/><T2/><D2/><U81/><E81/><V23/><F23/><W31/><G131/><T119/><D10/><U87/><E87/><V108/><F37/><W127/><G127/><T79/><D79/><U12/><E26/><V46/><F46/><W1/><G1/><T49/><D61/><U117/><E134/><V101/><F108/><W107/><G107/><T114/><D114/><U58/><E58/><V27/><REACH who="2" step="1"/><F91/><REACH who="2" ten="348,175,187,280" step="2"/><N who="3" m="53623" /><G44/><T112/><D112/><U17/><E115/><V42/><F42/><N who="3" m="16491" /><G4/><T11/><D119/><U77/><E117/><V88/><F88/><W129/><G129/><T43/><D90/><U65/><E47/><V22/><F22/><W123/><G123/><T14/><D45/><U124/><E124/><V9/><F9/><W63/><G15/><T16/><D14/><U110/><E110/><V83/><F83/><W21/><G21/><T132/><D13/><U52/><E12/><V24/><F24/><W82/><G82/><T76/><D11/><U33/><E80/><V102/><F102/><RYUUKYOKU ba="0,1" sc="348,-15,175,-15,187,15,280,15" hai2="27,30,32,62,64,68,69,70,92,97,98,100,101" hai3="20,25,31,51,55,57,63" /><INIT seed="3,1,1,3,3,74" ten="333,160,202,295" oya="3" hai0="118,60,78,61,15,70,37,43,104,109,120,32,76" hai1="27,91,84,47,22,31,21,87,130,125,89,54,17" hai2="14,114,98,48,5,95,99,23,119,63,127,111,85" hai3="107,110,57,45,20,90,80,112,83,66,71,30,100"/><W102/><G112/><T16/><D120/><U75/><E75/><V34/><F114/><W131/><G71/><T9/><D118/><U124/><E130/><V126/><F34/><W81/><G131/><T113/><D113/><U59/><E47/><V28/><F119/><W108/><G107/><T116/><D116/><U2/><E2/><V41/><F111/><N who="3" m="42539" /><G90/><N who="1" m="34314" /><E125/><N who="2" m="47627" /><F63/><N who="0" m="24138" /><D70/><U36/><E36/><V49/><F85/><W69/><G69/><T50/><D37/><U96/><E96/><N who="2" m="36907" /><F95/><W0/><G0/><T67/><D32/><U46/><E124/><V94/><F94/><W13/><G57/><T121/><D104/><U103/><E103/><N who="3" m="39466" /><G45/><N who="0" m="25919" /><D121/><U135/><E46/><V51/><F5/><W6/><G6/><T10/><D109/><U93/><E93/><V58/><F58/><W24/><G13/><N who="0" m="7215" /><D67/><AGARI ba="1,1" hai="20,24,30,66,67,80,81,83" m="39466,42539" machi="67" ten="40,3900,0" yaku="14,1,10,1" doraHai="74" who="3" fromWho="0" sc="333,-42,160,0,202,0,295,52" /><INIT seed="3,2,0,3,0,80" ten="291,160,202,347" oya="3" hai0="42,82,132,118,34,31,45,125,46,94,110,104,30" hai1="71,48,129,14,47,35,9,73,106,69,105,130,107" hai2="77,1,134,18,33,72,19,49,40,26,76,5,17" hai3="8,58,12,20,117,86,91,127,64,124,4,0,90"/><W79/><G117/><T37/><D118/><U41/><E35/><V95/><F134/><W63/><G79/><T101/><D132/><U78/><E73/><V98/><F72/><W57/><G91/><T84/><D110/><U62/><E78/><V87/><F1/><W111/><G111/><T97/><D125/><N who="3" m="48201" /><G20/><T113/><D113/><U126/><E126/><V15/><F5/><W83/><G0/><T122/><D122/><U65/><REACH who="1" step="1"/><E69/><AGARI ba="2,0" hai="4,8,12,57,58,63,64,69,83,86,90" m="48201" machi="69" ten="30,2900,0" yaku="18,1,52,1" doraHai="80" who="3" fromWho="1" sc="291,0,160,-35,202,0,347,35" /><INIT seed="3,3,0,3,2,95" ten="291,125,202,382" oya="3" hai0="114,5,132,25,90,118,39,82,15,30,29,92,133" hai1="52,62,65,61,115,53,109,71,59,50,101,128,46" hai2="70,20,67,43,131,85,17,77,28,97,42,21,9" hai3="73,24,26,55,135,89,32,98,11,86,88,38,10"/><W93/><G73/><T36/><D118/><U18/><E115/><V108/><F108/><W130/><G38/><T31/><D25/><N who="3" m="9833" /><G32/><T104/><D104/><U120/><E120/><V57/><F70/><W54/><G130/><T106/><D106/><U113/><E113/><V126/><F28/><W119/><G135/><N who="0" m="51787" /><D82/><U107/><E109/><V16/><F131/><W1/><G1/><T47/><D47/><U94/><E128/><V116/><F116/><W58/><G119/><T23/><D114/><U72/><E72/><V56/><F126/><W68/><G68/><T79/><D79/><U64/><E18/><N who="2" m="7275" /><F9/><N who="3" m="3083" /><G58/><N who="2" m="22633" /><F67/><W81/><AGARI ba="3,0" hai="54,55,81,86,88,89,93,98" m="3083,9833" machi="81" ten="30,6000,0" yaku="8,1,52,1,54,1" doraHai="95" who="3" fromWho="3" sc="291,-23,125,-23,202,-23,382,69" /><INIT seed="3,4,0,5,1,86" ten="268,102,179,451" oya="3" hai0="63,42,132,95,67,123,8,49,15,104,58,4,46" hai1="16,28,126,127,54,83,1,7,61,88,65,109,99" hai2="98,84,114,125,22,51,124,115,85,64,117,79,69" hai3="6,36,108,59,0,53,19,122,96,11,20,80,101"/><W118/><G118/><T55/><D132/><U32/><E109/><V57/><F22/><W26/><G36/><T2/><D104/><U68/><E7/><V110/><F69/><W60/><G108/><T45/><D123/><U52/><E1/><V29/><F29/><W74/><G122/><T113/><D113/><U131/><E131/><V75/><F110/><W121/><G121/><T71/><D46/><U82/><E16/><V33/><F33/><W9/><G9/><T135/><D135/><U76/><E28/><V23/><F23/><W70/><G70/><T37/><REACH who="0" step="1"/><D95/><REACH who="0" ten="258,102,179,451" step="2"/><N who="1" m="56807" /><E32/><V89/><F115/><W78/><G101/><T5/><D5/><U91/><E82/><V77/><F114/><W129/><G129/><T38/><D38/><U105/><E105/><V47/><F47/><W92/><G92/><T112/><D112/><U120/><E120/><V72/><F117/><W97/><AGARI ba="4,1" hai="0,6,11,19,20,26,53,59,60,74,78,80,96,97" machi="97" ten="30,1500,0" yaku="0,1" doraHai="86" who="3" fromWho="3" sc="258,-9,102,-9,179,-9,451,37" /><INIT seed="3,5,0,2,1,100" ten="249,93,170,488" oya="3" hai0="68,107,26,126,117,72,114,130,69,14,70,13,16" hai1="0,115,60,3,96,80,99,65,39,48,31,85,105" hai2="116,17,82,55,89,88,95,21,15,42,131,22,121" hai3="97,51,61,77,104,2,94,46,11,66,37,101,132"/><W29/><G37/><T9/><D117/><U57/><E39/><V25/><F116/><W44/><G132/><T71/><D72/><U108/><E115/><V59/><F131/><W127/><G127/><T92/><D126/><U50/><E108/><V19/><F121/><W34/><G77/><T124/><D124/><U43/><E31/><V86/><F42/><W111/><G111/><T128/><D114/><U113/><E113/><V30/><F30/><W10/><G44/><T27/><D107/><U74/><E74/><V133/><F133/><W119/><G2/><T110/><D110/><U118/><E118/><V76/><REACH who="2" step="1"/><F95/><REACH who="2" ten="249,93,160,488" step="2"/><W67/><G94/><T32/><D92/><U40/><E43/><V18/><F18/><W49/><G29/><T4/><D130/><U24/><E40/><V56/><F56/><W58/><G58/><T20/><D128/><U53/><E57/><V123/><F123/><W134/><G134/><T109/><D109/><U98/><E0/><V5/><F5/><W78/><G119/><T6/><D6/><U38/><E3/><V120/><F120/><W135/><G135/><T102/><D71/><U28/><E28/><V52/><F52/><W54/><G54/><T84/><D70/><U75/><E53/><V129/><F129/><W12/><G67/><T62/><D69/><U35/><E65/><V8/><F8/><W73/><G10/><T103/><D9/><U36/><E36/><V41/><F41/><W23/><G11/><T91/><D4/><U106/><E38/><V90/><F90/><W45/><G66/><T79/><D68/><RYUUKYOKU ba="5,1" sc="249,-10,93,-10,160,30,488,-10" hai2="15,17,19,21,22,25,55,59,76,82,86,88,89" /><INIT seed="4,6,1,0,0,50" ten="239,83,190,478" oya="0" hai0="99,97,37,106,30,94,126,80,102,15,65,82,8" hai1="116,44,63,101,33,18,67,109,9,112,10,71,130" hai2="110,17,124,26,121,28,84,120,47,90,12,81,57" hai3="131,54,132,103,62,86,129,69,135,21,4,24,95"/><T5/><D126/><U53/><E109/><V107/><F110/><W66/><G4/><T43/><D65/><U27/><E116/><V88/><F124/><W61/><G103/><T59/><D30/><U127/><E127/><V75/><F107/><W41/><G41/><T125/><D125/><U122/><E122/><V60/><F47/><W118/><G118/><T25/><D25/><U83/><E130/><N who="3" m="49674" /><G86/><T68/><D68/><U20/><E101/><V119/><F90/><W22/><G95/><T100/><REACH who="0" step="1"/><D59/><REACH who="0" ten="229,83,190,478" step="2"/><U40/><E67/><V23/><F119/><W128/><G128/><T39/><D39/><U35/><E71/><V104/><F104/><W64/><G66/><T85/><D85/><U72/><E27/><V108/><F75/><W31/><G24/><T133/><D133/><U70/><E70/><V16/><F108/><W13/><G31/><T2/><D2/><U32/><E72/><V113/><F113/><W91/><G132/><T114/><D114/><U77/><E112/><V38/><F38/><W49/><G135/><T6/><D6/><U3/><E3/><V58/><F57/><W98/><G64/><T117/><D117/><U11/><E18/><V74/><F74/><W55/><G69/><T56/><D56/><U29/><E29/><V111/><F111/><W0/><G0/><T14/><D14/><U7/><E7/><V105/><F105/><W51/><G13/><T19/><D19/><U45/><E32/><V134/><F134/><W123/><G123/><N who="2" m="47177" /><F12/><W34/><G34/><T52/><D52/><U92/><E33/><V42/><F42/><RYUUKYOKU ba="6,2" sc="229,15,83,-15,190,15,478,-15" hai0="5,8,15,37,43,80,82,94,97,99,100,102,106" hai2="16,17,23,26,28,58,60,81,84,88" /><INIT seed="4,7,2,2,0,109" ten="244,68,205,463" oya="0" hai0="16,48,132,39,52,133,84,116,26,127,114,90,88" hai1="98,74,107,12,111,128,13,69,61,23,123,78,81" hai2="10,38,15,86,53,0,101,11,6,70,110,28,105" hai3="45,1,94,42,122,60,130,134,96,31,103,57,83"/><T44/><D116/><U20/><E111/><V18/><F110/><W91/><G1/><T35/><D127/><U5/><E123/><V97/><F70/><W30/><G134/><N who="0" m="51819" /><D114/><U25/><E128/><V4/><F38/><W50/><G130/><T72/><D72/><U32/><E5/><V63/><F28/><W118/><G118/><T121/><D121/><U7/><E7/><V3/><F86/><N who="3" m="50655" /><G122/><T46/><D35/><U8/><E8/><V124/><F124/><W54/><AGARI ba="7,2" hai="30,31,42,45,50,54,57,60,94,96,103" m="50655" machi="54" ten="30,1100,0" yaku="8,1" doraHai="109" who="3" fromWho="3" sc="244,-12,68,-10,205,-10,463,52" /><INIT seed="5,0,0,5,3,94" ten="232,58,195,515" oya="1" hai0="41,122,35,33,18,28,126,117,133,89,50,4,42" hai1="21,13,1,70,69,58,78,55,115,71,86,74,31" hai2="45,64,63,32,103,46,131,54,62,102,135,128,43" hai3="92,29,14,19,95,73,112,52,116,109,7,11,20"/><U9/><E74/><V108/><F32/><W99/><G109/><T60/><D117/><U125/><E115/><V130/><F108/><W44/><G73/><T83/><D4/><U40/><E125/><V23/><F135/><W93/><G112/><T106/><D106/><U24/><E1/><V87/><F87/><W107/><G107/><T79/><D133/><U68/><N who="1" m="17408" /><DORA hai="0" /><U22/><E40/><V119/><F119/><W56/><G44/><T85/><D60/><N who="2" m="23082" /><F64/><W120/><G29/><T6/><D28/><U37/><E37/><N who="2" m="21743" /><F23/><W134/><G120/><T17/><D42/><U12/><E21/><V90/><F90/><W25/><G134/><T124/><D89/><U88/><E78/><V75/><F75/><W51/><G116/><T82/><D82/><U127/><E127/><V76/><F76/><W105/><G105/><T121/><D79/><U36/><E36/><V113/><F113/><W80/><G80/><T100/><D41/><U67/><E67/><V49/><AGARI ba="0,0" hai="46,49,54,102,103,128,130,131" m="21743,23082" machi="49" ten="40,1500,0" yaku="19,1" doraHai="94,0" who="2" fromWho="2" sc="232,-4,58,-7,195,15,515,-4" /><INIT seed="6,0,0,0,1,118" ten="228,51,210,511" oya="2" hai0="122,120,91,41,50,6,128,33,115,111,101,29,124" hai1="61,42,72,4,78,25,70,16,8,108,110,79,0" hai2="37,30,48,38,14,22,109,47,9,20,64,112,45" hai3="103,77,90,13,106,53,92,93,131,135,80,125,121"/><V26/><F112/><W127/><G53/><T86/><D6/><U54/><E54/><V71/><F109/><W102/><G13/><T24/><D111/><U75/><E78/><V67/><F22/><W65/><G65/><T19/><D115/><U51/><E72/><V85/><F85/><W132/><G90/><T68/><D68/><U49/><E49/><V116/><F116/><W63/><G63/><T117/><D117/><U74/><E74/><V84/><F84/><W21/><G21/><T1/><D1/><U94/><E94/><V133/><F133/><W46/><G46/><T66/><D66/><U23/><E61/><V52/><F71/><W35/><G35/><T105/><D124/><U123/><E70/><V11/><F11/><W69/><G69/><T3/><D3/><U87/><E87/><V129/><F129/><W88/><G88/><T134/><D128/><U7/><E7/><V28/><F28/><W34/><G34/><T44/><D134/><U12/><E25/><V89/><F89/><W76/><G131/><T97/><D19/><U18/><E18/><V95/><F95/><AGARI ba="0,0" hai="24,29,33,41,44,50,86,91,95,97,101,105,120,122" machi="95" ten="30,3900,0" yaku="7,1,52,2" doraHai="118" who="0" fromWho="2" sc="228,39,51,0,210,-39,511,0" /><INIT seed="7,0,0,2,3,51" ten="267,51,171,511" oya="3" hai0="55,129,105,123,14,23,27,59,36,31,44,38,116" hai1="28,67,118,76,83,26,132,24,80,63,41,72,92" hai2="47,103,4,128,112,97,102,134,7,34,17,3,20" hai3="45,71,96,82,64,0,106,111,21,19,133,75,70"/><W18/><G21/><T48/><D105/><U25/><E132/><V122/><F134/><W126/><G45/><T12/><D116/><U22/><E118/><V98/><F34/><W84/><G84/><T79/><D123/><U81/><E41/><V85/><F128/><W16/><G82/><T101/><D38/><U124/><E124/><V125/><F112/><W10/><G96/><T46/><D101/><U131/><E131/><V115/><F115/><W8/><G64/><T6/><D36/><U33/><E24/><V62/><F85/><W39/><G75/><T50/><D79/><U42/><E42/><V107/><F122/><W100/><G0/><T93/><D93/><U108/><E108/><V37/><F37/><W127/><G111/><T74/><D6/><U52/><E92/><V58/><F47/><W43/><G43/><T56/><D74/><U53/><E80/><V117/><F117/><W89/><G10/><T69/><D69/><U87/><E25/><V13/><F3/><W78/><G8/><T86/><D27/><U99/><E33/><V40/><F40/><W66/><G127/><T121/><D121/><U29/><E29/><V5/><F125/><W15/><G126/><T104/><D31/><U32/><E32/><V65/><F4/><W113/><G106/><AGARI ba="0,0" hai="5,7,13,17,20,58,62,65,97,98,102,103,106,107" machi="106" ten="30,2000,0" yaku="7,1,9,1" doraHai="51" who="2" fromWho="3" sc="267,0,51,0,171,20,511,-20" owari="267,6.7,51,-44.9,191,-20.9,491,59.1" /></mjloggm>