<mjloggm ver="2.3"><GO type="169" lobby="0"/><UN n0="%E8%8C%B6%E5%BA%A6" n1="%E2%80%A0%E7%99%BD%E5%85%8E%E2%80%A0" n2="%E5%A4%A2%E4%BB%98%E3%81%8D" n3="%73%79%6C%76%65%6F%6E" dan="16,18,16,16" rate="2124.04,2218.47,2090.89,2174.61" sx="M,M,M,M"/><TAIKYOKU oya="0"/><INIT seed="0,0,0,4,0,14" ten="250,250,250,250" oya="0" hai0="7,59,48,71,10,2,84,33,122,70,22,125,110" hai1="79,52,57,115,63,86,1,51,15,16,31,46,102" hai2="6,0,117,23,107,29,113,25,4,106,8,28,127" hai3="54,50,74,49,41,37,114,19,20,5,75,12,81"/><T17/><D122/><U78/><E1/><V35/><F113/><W13/><G114/><T96/><D125/><U21/><E115/><V80/><F127/><W87/><G37/><T123/><D33/><U56/><E102/><V55/><F117/><W129/><G129/><T65/><D123/><U105/><E105/><V103/><F80/><W42/><G74/><T92/><D84/><U95/><E31/><V47/><F103/><W3/><G3/><T69/><D110/><U116/><E116/><V72/><F72/><W93/><G93/><T128/><D128/><U124/><E124/><V26/><F6/><W38/><G38/><T39/><D39/><U132/><E132/><V34/><F23/><W121/><G75/><T82/><D82/><U101/><E57/><V91/><F91/><W104/><G104/><T99/><D92/><U89/><REACH who="1" step="1"/><E101/><REACH who="1" ten="250,240,250,250" step="2"/><V53/><F107/><W67/><G121/><T83/><D69/><U43/><AGARI ba="0,1" hai="15,16,21,43,46,51,52,56,63,78,79,86,89,95" machi="43" ten="20,16000,3" yaku="1,1,2,1,0,1,7,1,8,1,52,1,54,2,53,0" doraHai="14" doraHaiUra="62" who="1" fromWho="1" sc="250,-80,240,170,250,-40,250,-40" /><INIT seed="1,0,0,5,5,43" ten="170,410,210,210" oya="1" hai0="90,60,75,121,93,49,1,122,79,123,89,27,70" hai1="57,9,52,8,55,44,42,41,77,104,56,28,82" hai2="34,12,59,31,11,99,18,132,119,21,133,126,86" hai3="48,39,29,20,13,33,100,91,23,84,87,95,125"/><U118/><E118/><V65/><F119/><W102/><G39/><T72/><D1/><U81/><E104/><V38/><F126/><W5/><G33/><T0/><D0/><U113/><E113/><V2/><F38/><W68/><G68/><T108/><D108/><U45/><E77/><V112/><F112/><W15/><G125/><T37/><D37/><U26/><E26/><N who="2" m="18807" /><F86/><W101/><G48/><T47/><D27/><U67/><E67/><V54/><F65/><W128/><G128/><T83/><D60/><U98/><E98/><V94/><F94/><W115/><G115/><T17/><D17/><U10/><E10/><V129/><F99/><W40/><G40/><N who="0" m="24807" /><D70/><U53/><E53/><V66/><F66/><W30/><G5/><T111/><D111/><U7/><E7/><N who="2" m="1527" /><F129/><W135/><G135/><T58/><D58/><U85/><E85/><V120/><F133/><W130/><G130/><T78/><D93/><U24/><E24/><V131/><F132/><W64/><G64/><T116/><D116/><U50/><E50/><V103/><F131/><W124/><G124/><T92/><D92/><U14/><E14/><N who="3" m="5130" /><G87/><T4/><D4/><U36/><E36/><V61/><F103/><W16/><G84/><T106/><D106/><U110/><E110/><V3/><F3/><W127/><G127/><T25/><D25/><U69/><E69/><V97/><F97/><W62/><G95/><T74/><D83/><U51/><E51/><V32/><F32/><W114/><G114/><T46/><D46/><U107/><E107/><V76/><F61/><W71/><G62/><RYUUKYOKU ba="0,0" sc="170,15,410,15,210,-15,210,-15" hai0="72,74,75,78,79,89,90,121,122,123" hai1="8,9,28,41,42,44,45,52,55,56,57,81,82" /><INIT seed="1,1,0,4,2,82" ten="185,425,195,195" oya="1" hai0="25,32,5,125,51,89,114,132,85,103,22,75,0" hai1="21,124,76,44,73,56,106,119,16,10,113,2,29" hai2="99,77,31,80,63,118,102,24,123,34,66,115,50" hai3="11,45,120,79,43,70,108,130,23,126,83,100,57"/><U42/><E113/><V101/><F118/><W117/><G120/><T54/><D75/><U134/><E119/><V81/><F115/><W48/><G117/><T91/><D132/><U36/><E106/><V33/><F123/><W104/><G70/><T38/><D38/><U26/><E124/><V90/><F34/><W35/><G35/><T47/><D32/><U68/><E68/><V53/><F90/><W55/><G126/><T94/><D125/><U64/><E134/><V93/><F102/><W12/><G108/><T49/><D0/><U78/><E73/><V46/><REACH who="2" step="1"/><F77/><REACH who="2" ten="185,425,185,195" step="2"/><W7/><G100/><T72/><D103/><U107/><E78/><V88/><F88/><W98/><G79/><T86/><D114/><U60/><E76/><V40/><F40/><W6/><G43/><T28/><D72/><U67/><E107/><V105/><F105/><W3/><G104/><T1/><D91/><U122/><E122/><V17/><F17/><W52/><G7/><T4/><D1/><U110/><E110/><V71/><AGARI ba="1,1" hai="24,31,33,46,50,53,63,66,71,80,81,93,99,101" machi="71" ten="20,2700,0" yaku="1,1,0,1,7,1,53,0" doraHai="82" doraHaiUra="135" who="2" fromWho="2" sc="185,-8,425,-14,185,40,195,-8" /><INIT seed="2,0,0,1,5,25" ten="177,411,225,187" oya="2" hai0="19,117,22,52,80,33,101,41,73,135,3,113,85" hai1="10,75,1,50,82,4,76,103,134,30,97,70,65" hai2="12,55,96,26,81,7,79,124,60,48,68,27,105" hai3="114,119,67,74,94,58,9,95,102,29,23,44,51"/><V91/><F124/><W90/><G119/><T13/><D113/><U42/><E134/><V34/><F7/><W45/><G74/><T77/><D135/><U87/><E70/><V129/><F129/><W43/><G114/><T83/><D3/><U111/><E111/><V133/><F133/><W71/><G71/><T93/><D41/><U59/><E65/><V15/><F27/><N who="3" m="16639" /><G45/><T127/><D33/><U121/><E121/><V100/><F91/><W31/><G102/><T57/><D127/><U14/><E30/><N who="2" m="19799" /><F55/><W24/><G9/><T108/><D108/><U107/><E59/><V32/><F48/><W49/><G90/><T125/><D117/><U110/><E110/><V38/><F32/><W35/><G35/><T130/><D130/><U64/><E64/><N who="2" m="40967" /><F38/><W132/><G132/><T112/><D112/><U40/><E50/><V122/><F122/><W6/><G6/><T123/><D123/><U118/><E118/><V106/><F106/><W128/><G128/><T131/><D131/><U84/><E1/><V120/><F120/><W11/><G11/><T126/><D126/><U37/><E37/><V104/><F104/><W89/><G89/><T8/><D8/><U86/><AGARI ba="0,0" hai="4,10,14,40,42,75,76,82,84,86,87,97,103,107" machi="86" ten="30,1100,0" yaku="0,1" doraHai="25" who="1" fromWho="1" sc="177,-3,411,11,225,-5,187,-3" /><INIT seed="3,0,0,3,5,117" ten="174,422,220,184" oya="3" hai0="7,32,37,50,6,48,10,63,120,75,87,92,9" hai1="44,109,67,52,51,113,98,58,45,68,3,60,90" hai2="47,14,24,83,35,42,79,61,82,57,31,133,88" hai3="62,125,30,100,5,13,119,118,17,129,46,101,70"/><W132/><G5/><T27/><D75/><U12/><E3/><V36/><F133/><W33/><G132/><T107/><D107/><U96/><E113/><V78/><F14/><W84/><G125/><T49/><D37/><U34/><E34/><V91/><F79/><W41/><G129/><T81/><D92/><U72/><E72/><V28/><F28/><W127/><G127/><T26/><D63/><U108/><E12/><V0/><F0/><W112/><G112/><T69/><D69/><U123/><E123/><V85/><REACH who="2" step="1"/><F82/><REACH who="2" ten="174,422,210,184" step="2"/><W54/><G13/><T115/><D81/><U97/><E90/><V135/><F135/><W1/><G1/><T55/><D115/><U53/><E68/><V74/><F74/><W25/><G70/><T4/><D27/><U21/><E21/><V64/><AGARI ba="0,1" hai="24,31,35,36,42,47,57,61,64,78,83,85,88,91" machi="64" ten="20,5200,0" yaku="1,1,0,1,7,1,54,1,53,0" doraHai="117" doraHaiUra="103" who="2" fromWho="2" sc="174,-13,422,-13,210,62,184,-26" /><INIT seed="4,0,0,1,0,57" ten="161,409,272,158" oya="0" hai0="32,114,42,28,102,7,25,71,74,82,51,110,129" hai1="4,105,67,119,84,58,76,39,109,12,60,41,33" hai2="90,118,126,69,92,43,18,85,88,62,99,134,27" hai3="56,132,128,35,94,3,101,80,48,13,22,72,63"/><T111/><D114/><U131/><E109/><V36/><F134/><W70/><G35/><T78/><D129/><U83/><E119/><V125/><F118/><W121/><G3/><T133/><D133/><U54/><E33/><V66/><F43/><W130/><G132/><T96/><D7/><U79/><E105/><V1/><F36/><W15/><G121/><T86/><D51/><U65/><E131/><N who="3" m="50218" /><G70/><T38/><D86/><U122/><E122/><V112/><F1/><W45/><G22/><T49/><D49/><U77/><E41/><V108/><F108/><W103/><G80/><T19/><D19/><U11/><E39/><V124/><F112/><W115/><G72/><T100/><D100/><N who="3" m="38473" /><G94/><T120/><D120/><U52/><REACH who="1" step="1"/><E54/><REACH who="1" ten="161,399,272,158" step="2"/><V95/><F27/><W8/><G115/><T97/><D42/><U117/><E117/><V40/><F40/><N who="3" m="24615" /><G8/><T55/><D38/><U89/><AGARI ba="0,1" hai="4,11,12,52,58,60,65,67,76,77,79,83,84,89" machi="89" ten="30,12000,2" yaku="1,1,0,1,8,1,52,1,54,1,53,1" doraHai="57" doraHaiUra="59" who="1" fromWho="1" sc="161,-60,399,130,272,-30,158,-30" /><INIT seed="5,0,0,4,4,65" ten="101,529,242,128" oya="1" hai0="101,62,1,30,107,29,6,72,131,7,38,14,41" hai1="56,124,37,33,133,93,106,60,63,20,108,98,115" hai2="80,100,55,116,73,104,58,120,77,2,71,110,87" hai3="47,109,81,42,36,53,94,66,83,16,126,19,134"/><U111/><E33/><V5/><F110/><W57/><G109/><T34/><D14/><U99/><E37/><V82/><F116/><W103/><G126/><T121/><D7/><U68/><E115/><V49/><F120/><W31/><G134/><T118/><D29/><U48/><E124/><V90/><F104/><W86/><G31/><T43/><D43/><U85/><E85/><V114/><F100/><W18/><G66/><T125/><D62/><U8/><E48/><V76/><F114/><W0/><G0/><T97/><D131/><U132/><E93/><V64/><F90/><W15/><G15/><T21/><D21/><U45/><E106/><V69/><REACH who="2" step="1"/><F64/><REACH who="2" ten="101,529,232,128" step="2"/><W11/><G11/><AGARI ba="0,1" hai="2,5,11,49,55,58,69,71,73,76,77,80,82,87" machi="11" ten="40,12000,2" yaku="1,1,2,1,52,2,53,2" doraHai="65" doraHaiUra="79" who="2" fromWho="3" sc="101,0,529,0,232,130,128,-120" /><INIT seed="6,0,0,1,0,118" ten="101,529,362,8" oya="2" hai0="42,10,33,61,23,73,116,124,54,38,46,18,96" hai1="51,68,49,129,39,48,134,119,128,15,69,72,16" hai2="117,52,7,37,27,0,13,101,26,88,19,132,40" hai3="62,123,60,64,35,126,102,130,92,85,8,30,103"/><V113/><F117/><W1/><G1/><T11/><D33/><U53/><E119/><V112/><F101/><W47/><G8/><T78/><D78/><U70/><E39/><V58/><F7/><W104/><G103/><T94/><D73/><U99/><E72/><V107/><F0/><W6/><G6/><T56/><D124/><U106/><E134/><V125/><F107/><W3/><G3/><T79/><D79/><U5/><E5/><V135/><F125/><W111/><G111/><T9/><D9/><U114/><E114/><N who="2" m="44139" /><F40/><W97/><G123/><T105/><D105/><U110/><E110/><V32/><F37/><W28/><G130/><N who="1" m="50282" /><E99/><V83/><F32/><W91/><G126/><T77/><D77/><U63/><E106/><V14/><F26/><N who="3" m="18839" /><G62/><T36/><D36/><U67/><E53/><V93/><F83/><W100/><G100/><T76/><D76/><U108/><E108/><V21/><F135/><W122/><G30/><T22/><D116/><U121/><E121/><V115/><N who="2" m="44147" /><V127/><DORA hai="2" /><F132/><W45/><G122/><T25/><D23/><AGARI ba="0,0" hai="15,16,23,48,49,51,63,67,68,69,70" m="50282" machi="23" ten="30,2000,0" yaku="19,1,54,1" doraHai="118,2" who="1" fromWho="0" sc="101,-20,529,20,362,0,8,0" /><INIT seed="7,0,0,2,5,92" ten="81,549,362,8" oya="3" hai0="25,29,94,101,98,70,83,22,113,14,2,73,107" hai1="36,68,26,80,121,127,63,9,56,90,85,51,97" hai2="76,50,7,130,117,100,31,1,86,42,93,39,126" hai3="108,10,128,62,4,87,19,23,111,5,18,58,78"/><W66/><G128/><T59/><D2/><U60/><E36/><V103/><F117/><W89/><G78/><T81/><D70/><U67/><E121/><V120/><F39/><W96/><G96/><T28/><D73/><U40/><E127/><V124/><F130/><W48/><G48/><T16/><D113/><U34/><E9/><N who="2" m="2287" /><F31/><N who="0" m="11850" /><D107/><U133/><E133/><V15/><F15/><N who="3" m="5575" /><G5/><T104/><D104/><U114/><E114/><V74/><F50/><W38/><G38/><T118/><D118/><U134/><E134/><V27/><F76/><W131/><G23/><N who="0" m="11671" /><D59/><U17/><E51/><V32/><F124/><W132/><G132/><T57/><D57/><U3/><E3/><V69/><F126/><W116/><G116/><T64/><D64/><U8/><E8/><V77/><F32/><W37/><G37/><T21/><D22/><U106/><E34/><V95/><F77/><W43/><G43/><T129/><D129/><U71/><E97/><V24/><F42/><W35/><G35/><T84/><D84/><U13/><E40/><V88/><F120/><W61/><G61/><T112/><D112/><U110/><E106/><V47/><F74/><W45/><G45/><T119/><D119/><U105/><E105/><V41/><F47/><W0/><G0/><T109/><D21/><U65/><E71/><V123/><F41/><W52/><G66/><T53/><D98/><U72/><E72/><V115/><F123/><W11/><G131/><T33/><D33/><U6/><E6/><V49/><F115/><W102/><G102/><T91/><D101/><U44/><E67/><RYUUKYOKU ba="0,0" sc="81,0,549,0,362,0,8,0" owari="81,-31.9,549,64.9,362,16.2,8,-49.2" /></mjloggm>