<mjloggm ver="2.3"><GO type="169" lobby="0"/><UN n0="%E3%81%AA%E3%81%A3%E3%81%8D%E3%82%8A" n1="%E3%83%A9%E3%83%B3%E3%82%B9%E3%83%AD%E3%83%83%E3%83%88" n2="%E3%82%89%E3%81%BE%E3%81%98%E3%82%83%E3%82%93%E3%81%93%E3%81%86" n3="%E3%82%A2%E3%83%AC%E3%82%88%E3%80%81%E3%82%A2%E3%83%AC%E3%82%A2%E3%83%AC" dan="17,16,16,16" rate="2181.03,2107.20,2079.24,2104.60" sx="M,M,M,M"/><TAIKYOKU oya="0"/><INIT seed="0,0,0,5,0,25" ten="250,250,250,250" oya="0" hai0="49,102,117,81,108,44,119,129,4,70,87,42,51" hai1="62,128,32,19,11,61,3,120,15,77,86,57,116" hai2="1,54,2,130,69,64,90,55,43,28,17,12,123" hai3="56,38,92,74,101,29,107,106,89,75,9,34,126"/><T30/><D70/><U71/><E116/><V85/><F123/><W50/><G38/><T125/><D125/><U6/><E120/><V134/><F130/><W94/><G126/><T60/><D60/><U118/><E118/><V109/><F109/><W78/><G9/><T39/><D129/><U104/><E104/><V114/><F114/><W23/><G34/><T16/><D4/><U35/><E71/><V135/><F43/><W115/><G115/><T98/><D108/><U91/><E77/><V14/><F64/><W76/><G23/><T21/><D119/><U33/><E57/><V22/><F69/><W5/><G29/><T53/><D30/><U124/><E124/><V40/><F40/><W36/><G50/><T133/><D133/><N who="2" m="50698" /><F14/><W67/><G56/><T26/><D117/><U58/><E58/><V10/><F28/><W41/><G5/><T46/><D39/><U131/><E131/><V95/><F10/><W31/><G31/><T27/><D27/><U96/><E96/><V113/><F113/><W122/><G41/><T121/><D121/><U59/><E59/><V132/><F132/><W97/><G36/><T24/><D24/><U82/><REACH who="1" step="1"/><E128/><REACH who="1" ten="250,240,250,250" step="2"/><V100/><F100/><W20/><G122/><T37/><D37/><U52/><E52/><AGARI ba="0,1" hai="1,2,12,17,22,52,54,55,85,90,95" m="50698" machi="52" ten="30,2000,0" yaku="20,1,54,1" doraHai="25" who="2" fromWho="1" sc="250,0,240,-20,250,30,250,0" /><INIT seed="1,0,0,4,2,131" ten="250,220,280,250" oya="1" hai0="57,70,28,27,67,124,3,118,97,101,92,29,25" hai1="23,117,107,69,22,33,50,59,76,120,34,95,123" hai2="39,116,4,135,119,134,47,68,96,0,37,16,8" hai3="104,31,87,56,128,65,84,98,71,55,83,48,111"/><U103/><E117/><N who="2" m="45131" /><F47/><W100/><G128/><T121/><D118/><U45/><E69/><V90/><F16/><W86/><G111/><T80/><D124/><U82/><E107/><V44/><F44/><W41/><G41/><T9/><D70/><U64/><E22/><V63/><F90/><W26/><G71/><T52/><D67/><U115/><E115/><V2/><F96/><W20/><REACH who="3" step="1"/><G65/><REACH who="3" ten="250,220,280,240" step="2"/><T5/><D121/><U85/><E120/><V46/><F2/><W105/><G105/><T17/><D80/><AGARI ba="0,1" hai="20,26,31,48,55,56,80,83,84,86,87,98,100,104" machi="80" ten="40,1300,0" yaku="1,1,53,0" doraHai="131" doraHaiUra="43" who="3" fromWho="0" sc="250,-13,220,0,280,0,240,23" /><INIT seed="2,0,0,5,4,35" ten="237,220,280,263" oya="2" hai0="102,31,89,16,62,22,100,123,95,53,56,109,128" hai1="110,39,21,103,25,59,12,19,44,0,75,134,37" hai2="84,78,57,20,10,68,11,69,120,79,6,8,58" hai3="40,98,115,34,125,72,45,129,113,65,135,133,73"/><V50/><F120/><W108/><G34/><T112/><D123/><U106/><E110/><V2/><F69/><W33/><G33/><T96/><D112/><N who="3" m="43081" /><G108/><T66/><D128/><U90/><E75/><N who="3" m="28746" /><G65/><T127/><D127/><U30/><E134/><V124/><F68/><W91/><G129/><T13/><D109/><U5/><E44/><V27/><F124/><W17/><G125/><T49/><REACH who="0" step="1"/><D31/><REACH who="0" ten="227,220,280,263" step="2"/><U130/><E30/><V54/><F79/><W131/><G131/><T63/><D63/><U52/><E130/><V105/><F105/><W47/><G133/><T9/><D9/><U43/><E106/><V18/><REACH who="2" step="1"/><F58/><AGARI ba="0,1" hai="13,16,22,49,53,56,58,62,66,89,95,96,100,102" machi="58" ten="30,8000,1" yaku="1,1,7,1,8,1,54,1,53,1" doraHai="35" doraHaiUra="60" who="0" fromWho="2" sc="227,90,220,0,280,-80,263,0" /><INIT seed="3,0,0,5,3,123" ten="317,220,200,263" oya="3" hai0="37,34,127,79,69,124,130,23,5,2,121,27,25" hai1="110,58,32,134,100,17,116,96,103,52,77,65,89" hai2="82,126,86,16,7,24,105,29,92,81,101,112,64" hai3="95,21,54,67,20,30,39,102,108,106,50,114,133"/><W57/><G114/><T87/><D69/><U111/><E134/><V76/><F112/><W70/><G133/><T73/><D37/><U33/><E116/><V40/><F126/><N who="0" m="48170" /><D87/><U80/><E65/><V113/><F113/><W9/><G106/><T53/><D53/><U12/><E89/><V28/><F105/><W43/><G9/><N who="0" m="2231" /><D79/><U107/><E100/><V13/><F7/><W11/><G11/><T120/><D73/><U104/><E104/><V6/><F6/><W135/><G135/><T49/><D49/><U0/><E0/><V71/><F24/><W117/><G117/><T45/><D45/><U85/><E32/><V91/><F40/><W99/><G39/><T129/><D27/><U42/><E33/><V31/><F101/><W47/><G70/><T19/><D34/><U84/><E84/><V60/><REACH who="2" step="1"/><F76/><REACH who="2" ten="317,220,190,263" step="2"/><W93/><G43/><T26/><D26/><U48/><REACH who="1" step="1"/><E42/><REACH who="1" ten="317,210,190,263" step="2"/><V10/><AGARI ba="0,2" hai="10,13,16,28,29,31,60,64,71,81,82,86,91,92" machi="10" ten="30,8000,1" yaku="1,1,2,1,0,1,54,1,53,1" doraHai="123" doraHaiUra="62" who="2" fromWho="2" sc="317,-20,210,-20,190,100,263,-40" /><INIT seed="4,0,0,5,5,71" ten="297,190,290,223" oya="0" hai0="18,77,135,88,0,1,109,117,21,85,44,95,24" hai1="134,86,102,23,79,53,47,104,13,73,83,2,22" hai2="66,16,19,12,101,121,33,6,11,9,90,7,37" hai3="89,99,34,125,28,130,97,105,119,3,62,115,57"/><T123/><D117/><U51/><E2/><V75/><F121/><W80/><G119/><T4/><D123/><U98/><E134/><V113/><F113/><W64/><G115/><T112/><D112/><U29/><E29/><V69/><F75/><W82/><G130/><T84/><D135/><U103/><E103/><V14/><F33/><W127/><G3/><T59/><D109/><U55/><E13/><V94/><F101/><W96/><G105/><T126/><D126/><N who="3" m="48137" /><G89/><T5/><D1/><U133/><E133/><V68/><F37/><W92/><G92/><T91/><D77/><U114/><E114/><V128/><F128/><W32/><G28/><T122/><D122/><U35/><E35/><AGARI ba="0,0" hai="32,34,35,57,62,64,80,82,96,97,99" m="48137" machi="35" ten="40,1300,0" yaku="18,1" doraHai="71" who="3" fromWho="1" sc="297,0,190,-13,290,0,223,13" /><INIT seed="5,0,0,3,0,41" ten="297,177,290,236" oya="1" hai0="11,2,81,66,42,86,116,61,55,114,110,43,131" hai1="40,79,12,78,18,30,94,97,123,67,62,9,14" hai2="133,88,112,37,93,85,95,90,115,5,117,16,25" hai3="125,102,58,33,130,51,100,91,23,27,106,64,126"/><U121/><E121/><V3/><F117/><W105/><G33/><T39/><D116/><U113/><E113/><N who="2" m="43595" /><F37/><W122/><G122/><T1/><D110/><U108/><E108/><V50/><F133/><W46/><G91/><T75/><D75/><U44/><E12/><V70/><F70/><W73/><G73/><T32/><D32/><U35/><E30/><V83/><F50/><W29/><G130/><T59/><D131/><U7/><E7/><V0/><F5/><W57/><G100/><T120/><D120/><U49/><E35/><V20/><F95/><W4/><G4/><T36/><D36/><U45/><E45/><V10/><F10/><W8/><G8/><T111/><D39/><U132/><E132/><V98/><AGARI ba="0,0" hai="0,3,16,20,25,83,85,88,90,93,98" m="43595" machi="98" ten="30,7900,0" yaku="15,1,11,1,54,2" doraHai="41" who="2" fromWho="2" sc="297,-20,177,-39,290,79,236,-20" /><INIT seed="6,0,0,1,5,110" ten="277,138,369,216" oya="2" hai0="47,135,74,50,102,127,66,8,49,125,71,57,11" hai1="5,117,123,51,68,95,43,39,1,77,65,17,90" hai2="87,6,0,133,46,32,42,105,35,109,9,13,107" hai3="86,130,33,45,108,122,83,48,82,75,80,2,72"/><V91/><F133/><W21/><G108/><T29/><D74/><U40/><E117/><V52/><F0/><W88/><G33/><T103/><D29/><U129/><E39/><V18/><F35/><W121/><G2/><T118/><D57/><U22/><E129/><V58/><F32/><W53/><G130/><T19/><D118/><U101/><E101/><V63/><F6/><W114/><G114/><T134/><D19/><U26/><E123/><V131/><F131/><W16/><G75/><T24/><D24/><U23/><E77/><V56/><F56/><W84/><G72/><T67/><REACH who="0" step="1"/><D47/><REACH who="0" ten="267,138,369,216" step="2"/><U64/><E68/><AGARI ba="0,1" hai="8,11,49,50,66,67,68,71,102,103,125,127,134,135" machi="68" ten="25,6400,0" yaku="1,1,2,1,22,2,53,0" doraHai="110" doraHaiUra="12" who="0" fromWho="1" sc="267,74,138,-64,369,0,216,0" /><INIT seed="7,0,0,5,3,133" ten="341,74,369,216" oya="3" hai0="33,120,89,42,30,51,87,132,99,4,21,11,37" hai1="107,17,43,55,64,48,92,3,127,14,80,19,56" hai2="46,115,6,57,128,13,41,126,65,114,70,0,111" hai3="95,69,90,39,28,62,103,106,58,77,29,73,122"/><W23/><G122/><T47/><D132/><U27/><E107/><V1/><F126/><W84/><G69/><T108/><D108/><U121/><E121/><V16/><F70/><W59/><G39/><T8/><D120/><U20/><E3/><V112/><F111/><W24/><G28/><T54/><D33/><U15/><E43/><V105/><F105/><W72/><G72/><T131/><D131/><U31/><E80/><V86/><F6/><W7/><G7/><T123/><D123/><U50/><E64/><V100/><F100/><W116/><G116/><T9/><D99/><U88/><E127/><V78/><F128/><W76/><G73/><T135/><D135/><U63/><E31/><V119/><F119/><W25/><G25/><T32/><D32/><U97/><REACH who="1" step="1"/><E19/><REACH who="1" ten="341,64,369,216" step="2"/><V83/><F65/><N who="3" m="39127" /><G106/><T102/><D102/><U129/><E129/><V75/><F75/><W40/><G40/><T26/><D4/><U109/><E109/><V71/><F71/><W68/><G68/><T22/><D22/><U124/><E124/><V94/><F94/><W53/><G103/><T82/><REACH who="0" step="1"/><D8/><REACH who="0" ten="331,64,369,216" step="2"/><U38/><E38/><N who="2" m="21815" /><F57/><AGARI ba="0,2" hai="9,11,21,26,30,37,42,47,51,54,57,82,87,89" machi="57" ten="30,2000,0" yaku="1,1,7,1,53,0" doraHai="133" doraHaiUra="118" who="0" fromWho="2" sc="331,40,64,0,369,-20,216,0" owari="371,47.1,64,-43.6,349,14.9,216,-18.4" /></mjloggm>