<mjloggm ver="2.3"><GO type="169" lobby="0"/><UN n0="%E6%99%AE%E9%9C%B2%E9%9C%B2" n1="%E8%8A%B1%E9%81%93%E6%A1%9C%E6%9C%A8" n2="%6D%79%6D%65%6C%6F%58%58" n3="%E7%89%8C%E6%B5%81%E7%8A%B6%E6%85%8B%E9%BA%BB%E9%9B%80" dan="16,16,16,16" rate="2129.67,2149.01,2114.33,2138.81" sx="M,M,F,M"/><TAIKYOKU oya="0"/><INIT seed="0,0,0,4,0,119" ten="250,250,250,250" oya="0" hai0="5,94,107,70,49,74,99,62,88,130,86,68,37" hai1="35,98,103,90,92,57,59,95,129,26,111,8,29" hai2="0,4,22,121,58,120,24,43,123,69,34,11,127" hai3="56,45,104,27,41,132,134,6,101,9,75,105,72"/><T13/><D37/><U87/><E111/><V39/><F58/><W80/><G56/><T128/><D74/><U42/><E129/><N who="0" m="49769" /><D62/><U83/><E42/><V85/><F85/><W109/><G27/><T55/><D5/><U21/><E35/><V46/><F69/><W19/><G19/><T122/><D122/><U84/><REACH who="1" step="1"/><E8/><REACH who="1" ten="250,240,250,250" step="2"/><V76/><F34/><W53/><G41/><T82/><D107/><U10/><E10/><V32/><F32/><W78/><G105/><T12/><D70/><U51/><E51/><V25/><F127/><W17/><G104/><T100/><D68/><U66/><E66/><V73/><REACH who="2" step="1"/><F22/><REACH who="2" ten="250,240,240,250" step="2"/><W117/><G109/><T124/><D124/><U38/><E38/><V61/><F61/><W15/><G117/><T106/><D106/><U20/><E20/><V133/><F133/><W126/><G134/><T131/><D131/><U33/><E33/><V97/><F97/><W81/><G132/><T47/><AGARI ba="0,2" hai="12,13,47,49,55,82,86,88,94,99,100" m="49769" machi="47" ten="30,3000,0" yaku="19,1,54,1" doraHai="119" who="0" fromWho="0" sc="250,50,240,-10,240,-10,250,-10" /><INIT seed="0,1,0,5,4,71" ten="300,230,230,240" oya="0" hai0="41,10,68,38,57,53,129,39,134,102,97,37,115" hai1="61,112,30,52,77,119,130,110,117,50,5,36,19" hai2="92,11,108,29,105,9,66,1,132,7,69,94,88" hai3="12,82,91,72,123,73,14,55,100,46,24,40,81"/><T90/><D115/><U21/><E112/><V31/><F105/><W87/><G123/><T20/><D68/><U85/><E30/><V98/><F108/><W95/><G55/><T27/><D90/><U125/><E110/><V63/><F132/><W18/><G24/><T106/><D134/><U64/><E5/><V131/><F131/><W34/><G34/><T35/><D129/><U111/><E111/><V124/><F124/><W70/><G70/><T16/><D10/><U43/><E125/><V17/><F17/><W25/><G25/><T80/><D80/><U23/><E23/><V89/><REACH who="2" step="1"/><F9/><REACH who="2" ten="300,230,220,240" step="2"/><W47/><G18/><T3/><D35/><U107/><E107/><V28/><F28/><W101/><G72/><T56/><D3/><U86/><E19/><V2/><F2/><W96/><G73/><T127/><D127/><U6/><E130/><V120/><F120/><W48/><G12/><T135/><D135/><U128/><E128/><V67/><F67/><W99/><G14/><T93/><D106/><U76/><E64/><V84/><AGARI ba="1,1" hai="1,7,11,29,31,63,66,69,84,88,89,92,94,98" machi="84" ten="20,5200,0" yaku="1,1,0,1,7,1,54,1,53,0" doraHai="71" doraHaiUra="75" who="2" fromWho="2" sc="300,-27,230,-14,220,65,240,-14" /><INIT seed="1,0,0,5,3,7" ten="273,216,285,226" oya="1" hai0="41,10,50,47,82,11,61,135,111,5,49,63,38" hai1="103,37,100,87,95,30,59,71,121,116,81,17,29" hai2="129,36,97,109,67,113,44,131,96,55,74,28,32" hai3="48,62,110,25,127,64,94,119,88,133,107,43,99"/><U42/><E71/><V2/><F109/><W4/><G110/><T1/><D111/><U72/><E72/><V46/><F2/><W14/><G133/><T60/><D135/><U101/><E116/><V18/><F74/><W20/><G127/><T51/><D82/><U89/><E121/><V75/><F75/><W79/><G119/><T73/><D73/><U31/><E37/><V52/><F67/><W27/><G79/><T90/><D90/><U123/><E123/><V13/><F28/><W57/><G107/><T77/><D77/><U33/><E42/><N who="2" m="22599" /><F32/><W120/><G120/><T56/><REACH who="0" step="1"/><D10/><REACH who="0" ten="263,216,285,226" step="2"/><U9/><E33/><V130/><F113/><W117/><G117/><T105/><D105/><U91/><E91/><V3/><F3/><W34/><G34/><T39/><D39/><U16/><E81/><V92/><F46/><N who="3" m="25695" /><G20/><T104/><D104/><U78/><E78/><V106/><F106/><W114/><G114/><T132/><D132/><U115/><E115/><V24/><F92/><W26/><G94/><T84/><D84/><U76/><E76/><V45/><F45/><W6/><G88/><T102/><D102/><U66/><REACH who="1" step="1"/><E9/><REACH who="1" ten="263,206,285,226" step="2"/><N who="2" m="6447" /><F97/><W68/><G99/><T23/><D23/><U86/><E86/><V21/><F96/><W15/><G68/><T93/><D93/><U54/><E54/><AGARI ba="0,2" hai="1,5,11,38,41,47,49,50,51,54,56,60,61,63" machi="54" ten="40,2600,0" yaku="1,1,52,1,53,0" doraHai="7" doraHaiUra="124" who="0" fromWho="1" sc="263,46,206,-26,285,0,226,0" /><INIT seed="2,0,0,2,4,42" ten="309,180,285,226" oya="2" hai0="53,30,81,133,66,9,18,62,96,25,59,46,123" hai1="63,80,118,105,50,12,112,4,75,51,16,90,57" hai2="19,129,64,70,5,56,13,125,115,17,36,67,65" hai3="3,109,15,29,39,55,8,77,38,92,83,6,34"/><V60/><F115/><W0/><G109/><T103/><D123/><U106/><E112/><V35/><F35/><W74/><G92/><T11/><D133/><U93/><E118/><V91/><F125/><W69/><G69/><T134/><D134/><U119/><E4/><V48/><F129/><W121/><G121/><T107/><D18/><U76/><E119/><V32/><F32/><W79/><G79/><T82/><D82/><U31/><E31/><V14/><F36/><W27/><G55/><T72/><D81/><U94/><E106/><V1/><F1/><W111/><G111/><T71/><D72/><U78/><E105/><V132/><F5/><W116/><G116/><T114/><D114/><U45/><E78/><V122/><F122/><W49/><G49/><T101/><D101/><U44/><E51/><V131/><F131/><W26/><G26/><T130/><D130/><U124/><E50/><V100/><F100/><W61/><G61/><T126/><D126/><U20/><E94/><V7/><F7/><W95/><G95/><T23/><D46/><U24/><E12/><V22/><F91/><W98/><G98/><T33/><D23/><U68/><E68/><V104/><F104/><W84/><REACH who="3" step="1"/><G74/><REACH who="3" ten="309,180,285,216" step="2"/><T58/><D71/><U40/><E124/><V120/><F120/><W113/><G113/><T37/><D37/><AGARI ba="0,1" hai="0,3,6,8,15,27,29,34,37,38,39,77,83,84" machi="37" ten="40,1300,0" yaku="1,1,53,0" doraHai="42" doraHaiUra="54" who="3" fromWho="0" sc="309,-13,180,0,285,0,216,23" /><INIT seed="3,0,0,3,3,126" ten="296,180,285,239" oya="3" hai0="121,108,40,9,20,79,59,30,129,12,125,60,88" hai1="57,21,44,65,67,89,83,104,53,33,11,19,134" hai2="26,23,130,31,42,4,92,120,97,87,37,46,75" hai3="64,28,22,116,135,69,34,128,50,68,80,109,5"/><W105/><G116/><T107/><D125/><U72/><E33/><V29/><F75/><W66/><G34/><T84/><D108/><U106/><E134/><V18/><F120/><W122/><G122/><T51/><D121/><U7/><E44/><V0/><F87/><W132/><G105/><T123/><D107/><U113/><E113/><V115/><F115/><W131/><G109/><T39/><D39/><U124/><E106/><V48/><F37/><W36/><G36/><T117/><D79/><U76/><E104/><V101/><F130/><N who="3" m="49707" /><G5/><T13/><D9/><U8/><E89/><V96/><F0/><W82/><G50/><T56/><D117/><U118/><E118/><V41/><F4/><W103/><G103/><T45/><D123/><U1/><E124/><V102/><F42/><W47/><G47/><T111/><D111/><U99/><E1/><V10/><F10/><W24/><G64/><T94/><D129/><U91/><E67/><V71/><F71/><N who="3" m="27211" /><G66/><N who="0" m="39175" /><D59/><U2/><E65/><V133/><F133/><AGARI ba="0,0" hai="22,24,28,80,82,132,133,135" m="27211,49707" machi="133" ten="40,12000,1" yaku="20,1,19,1,52,3" doraHai="126" who="3" fromWho="2" sc="296,0,180,0,285,-120,239,120" /><INIT seed="3,1,0,3,4,74" ten="296,180,165,359" oya="3" hai0="31,80,131,33,21,52,133,22,39,72,65,30,105" hai1="26,8,51,70,23,66,49,5,97,25,91,41,99" hai2="92,96,122,7,15,35,57,12,116,77,88,42,45" hai3="14,115,68,84,78,118,85,76,62,89,129,102,93"/><W67/><G115/><T117/><D117/><U95/><E70/><V28/><F116/><W121/><G118/><T135/><D39/><U86/><E66/><V3/><F122/><W101/><G121/><T75/><D65/><U114/><E114/><V18/><F3/><W106/><G129/><T69/><D69/><U17/><E26/><V40/><F35/><W19/><G85/><T109/><D105/><U81/><E41/><V124/><F28/><W46/><G46/><T53/><D80/><U32/><E32/><V134/><F134/><W54/><G54/><T103/><D103/><U100/><REACH who="1" step="1"/><E99/><REACH who="1" ten="296,170,165,359" step="2"/><V20/><F124/><W120/><G120/><T61/><D33/><U107/><E107/><V128/><F128/><W108/><G108/><T16/><D131/><U64/><E64/><V110/><F110/><W79/><REACH who="3" step="1"/><G106/><REACH who="3" ten="296,170,165,349" step="2"/><T37/><D109/><U71/><E71/><V73/><F42/><W83/><G83/><T126/><D135/><U11/><E11/><AGARI ba="1,2" hai="11,14,19,62,67,68,76,78,79,84,89,93,101,102" machi="11" ten="40,12000,1" yaku="1,1,52,3,53,1" doraHai="74" doraHaiUra="90" who="3" fromWho="1" sc="296,0,170,-123,165,0,349,143" /><INIT seed="3,2,0,3,5,100" ten="296,47,165,492" oya="3" hai0="12,119,29,91,5,58,47,54,92,89,65,48,55" hai1="72,133,85,21,105,97,117,14,51,56,0,17,11" hai2="49,127,7,4,135,124,34,37,23,24,61,62,75" hai3="15,88,33,134,125,42,30,31,116,122,40,53,79"/><W86/><G116/><T118/><D29/><U38/><E72/><V114/><F37/><W104/><G122/><T20/><D65/><U27/><E38/><V81/><F34/><W76/><G104/><T2/><D2/><U13/><E117/><V8/><F114/><W71/><G71/><T126/><D126/><N who="2" m="48170" /><F135/><W128/><G125/><T45/><D91/><U52/><E133/><V82/><F49/><W10/><G128/><T41/><D47/><U102/><REACH who="1" step="1"/><E85/><REACH who="1" ten="296,37,165,492" step="2"/><V99/><F75/><W120/><G86/><T108/><D119/><U25/><E25/><V90/><F82/><W73/><G73/><T67/><D118/><U44/><E44/><V121/><F121/><W129/><G120/><T74/><D45/><U107/><E107/><V101/><F81/><W3/><G134/><T110/><D74/><U50/><E50/><V26/><F26/><W80/><G80/><T78/><D48/><U39/><E39/><V22/><F24/><W46/><G46/><T18/><D41/><U103/><E103/><V96/><F101/><W64/><G42/><T57/><D108/><U35/><E35/><V132/><F132/><W94/><G33/><T16/><D110/><U66/><E66/><V123/><F123/><W83/><G64/><T111/><D67/><U60/><E60/><V28/><F62/><W36/><G83/><T70/><D111/><U87/><E87/><V131/><F61/><W63/><G63/><T6/><D58/><U68/><E68/><V112/><F112/><W109/><G109/><T59/><D70/><U115/><E115/><V32/><F32/><RYUUKYOKU ba="2,1" sc="296,-10,37,30,165,-10,492,-10" hai1="0,11,13,14,17,21,27,51,52,56,97,102,105" /><INIT seed="4,3,1,4,3,26" ten="286,67,155,482" oya="0" hai0="119,5,1,21,22,98,46,96,123,89,105,66,10" hai1="120,71,121,129,84,35,57,4,91,11,45,41,25" hai2="23,69,54,82,3,43,131,39,86,134,6,48,80" hai3="29,49,77,85,42,68,34,7,107,15,65,0,116"/><T90/><D119/><U74/><E71/><V36/><F69/><W38/><G107/><T108/><D123/><U81/><E129/><V111/><F111/><W30/><G34/><T94/><D108/><U101/><E101/><V109/><F109/><W2/><G38/><T133/><D133/><U12/><E74/><V125/><F131/><W33/><G33/><T61/><D46/><U130/><E130/><V58/><F125/><W19/><G65/><T135/><D135/><U132/><E57/><V16/><F43/><W56/><G68/><T114/><D114/><U118/><E118/><V112/><F112/><W106/><G106/><T27/><D105/><U53/><E53/><V51/><F51/><W99/><G99/><T102/><D98/><U14/><E14/><V100/><F100/><W75/><G75/><T73/><D22/><U115/><E132/><V113/><F113/><W72/><G72/><T103/><D103/><U44/><E44/><V104/><F82/><N who="3" m="47311" /><G19/><T88/><D90/><U17/><E115/><V37/><F104/><W13/><G13/><T78/><D78/><U76/><E91/><N who="2" m="51655" /><F134/><W126/><G126/><T63/><D63/><U24/><E35/><V55/><F37/><W70/><G70/><T117/><D117/><U87/><E87/><V62/><F39/><W31/><G42/><T83/><D83/><U59/><E17/><V124/><F124/><W67/><G116/><T93/><D93/><U52/><E121/><V50/><F36/><W122/><G122/><T47/><D73/><U95/><E120/><V20/><F3/><W64/><G0/><RYUUKYOKU ba="3,1" sc="286,0,67,0,155,0,482,0" /><INIT seed="5,4,1,2,2,130" ten="286,67,155,482" oya="1" hai0="4,48,127,12,28,60,54,83,30,69,94,128,122" hai1="123,41,3,93,111,84,77,22,7,13,24,40,82" hai2="29,126,58,46,63,34,103,53,102,92,114,91,74" hai3="135,49,118,42,129,98,20,19,113,105,81,61,43"/><U64/><E123/><V8/><F74/><W108/><G108/><T6/><D122/><U45/><E111/><V86/><F126/><W25/><G129/><T14/><D128/><U18/><E3/><V80/><F34/><W87/><G113/><T21/><D127/><U66/><E93/><V76/><F29/><W120/><G118/><T131/><D60/><U121/><E121/><V0/><F114/><W110/><G110/><T39/><D69/><U78/><E78/><V71/><F71/><W88/><G120/><T9/><D39/><U65/><REACH who="1" step="1"/><E45/><REACH who="1" ten="286,57,155,482" step="2"/><V134/><F76/><W33/><G105/><T95/><D95/><U125/><E125/><V59/><F46/><W36/><G81/><T132/><D83/><U55/><E55/><V11/><F80/><W26/><G43/><T133/><D54/><U31/><E31/><V104/><F104/><W115/><G42/><T89/><D131/><U1/><E1/><V79/><F79/><W96/><G115/><T124/><D124/><U56/><E56/><V73/><F59/><W57/><G57/><T17/><D30/><U67/><N who="1" m="16384" /><DORA hai="101" /><U116/><E116/><V99/><F0/><W68/><G68/><T52/><D28/><U70/><E70/><V119/><F119/><W109/><G109/><T47/><REACH who="0" step="1"/><D4/><REACH who="0" ten="276,57,155,482" step="2"/><U75/><E75/><V50/><F73/><W16/><G33/><T32/><D32/><U10/><AGARI ba="4,3" hai="7,10,13,18,22,24,40,41,77,82,84" m="16384" machi="10" ten="40,7800,0" yaku="1,1,0,1,8,1,53,0" doraHai="130,101" doraHaiUra="44,97" who="1" fromWho="1" sc="276,-30,57,120,155,-30,482,-30" /><INIT seed="5,5,0,4,2,39" ten="246,177,125,452" oya="1" hai0="99,69,22,93,12,71,100,11,124,81,60,24,74" hai1="86,92,94,118,115,36,107,79,37,57,42,46,45" hai2="111,91,25,127,35,82,5,20,10,102,134,47,125" hai3="43,98,110,66,50,21,23,40,65,114,72,17,108"/><U77/><E107/><V97/><F111/><W117/><G72/><T90/><D124/><U135/><E118/><V109/><F109/><W41/><G117/><T4/><D60/><U59/><E86/><V78/><F134/><W70/><G114/><T14/><D14/><U88/><E88/><V63/><F91/><W62/><G66/><T26/><D26/><U29/><E29/><V8/><F35/><W53/><G98/><T113/><D113/><U38/><E38/><V89/><F89/><W0/><G0/><T55/><D55/><U1/><E1/><V34/><F34/><W67/><G67/><T126/><D126/><N who="2" m="48138" /><F47/><W7/><G7/><T6/><D6/><U48/><E48/><V121/><F63/><W85/><G23/><T76/><D90/><U83/><E83/><V30/><F5/><W132/><G85/><T54/><D54/><U56/><E115/><V9/><F121/><W33/><G33/><T61/><D61/><U96/><E96/><V68/><F68/><W73/><G73/><T31/><AGARI ba="5,0" hai="4,11,12,22,24,31,69,71,74,76,81,93,99,100" machi="31" ten="20,1500,0" yaku="0,1,7,1" doraHai="39" who="0" fromWho="0" sc="246,30,177,-12,125,-9,452,-9" /><INIT seed="6,0,0,1,5,50" ten="276,165,116,443" oya="2" hai0="35,31,126,78,72,29,88,61,113,0,54,71,23" hai1="108,42,111,10,128,55,121,122,77,51,60,21,94" hai2="40,48,115,68,81,117,93,19,57,131,125,75,7" hai3="76,82,80,11,89,83,38,46,132,30,135,2,13"/><V87/><F117/><W14/><G30/><T45/><D0/><U124/><E128/><V8/><F131/><W103/><G103/><T52/><D35/><U63/><E124/><V15/><F125/><W12/><G89/><T36/><D126/><U96/><E77/><V37/><F68/><W120/><G120/><N who="1" m="46186" /><E42/><V86/><F115/><W79/><G38/><T58/><D113/><U67/><E21/><V100/><F37/><W97/><G46/><T56/><D71/><N who="1" m="42471" /><E63/><V32/><F32/><W70/><G97/><T102/><D102/><N who="1" m="60695" /><E10/><V39/><F39/><W49/><G49/><N who="0" m="30799" /><D36/><U116/><E116/><V65/><F75/><W17/><G70/><T98/><D78/><N who="3" m="29737" /><G2/><T3/><D3/><U18/><E18/><V69/><F69/><W133/><AGARI ba="0,0" hai="11,12,13,14,17,80,82,83,132,133,135" m="29737" machi="133" ten="40,1500,0" yaku="20,1" doraHai="50" who="3" fromWho="3" sc="276,-4,165,-4,116,-7,443,15" /><INIT seed="7,0,0,1,2,113" ten="272,161,109,458" oya="3" hai0="23,16,52,118,128,98,56,77,124,129,27,4,15" hai1="2,84,37,65,26,133,116,20,114,25,69,14,5" hai2="42,67,50,115,89,35,51,40,110,131,22,117,60" hai3="95,90,74,76,28,12,97,34,91,58,41,19,102"/><W111/><G41/><T46/><D124/><U6/><E37/><V122/><F35/><W100/><G34/><T21/><D77/><U57/><E69/><V39/><F110/><W119/><G28/><T54/><D118/><U103/><E116/><V11/><F115/><W107/><G111/><T112/><D112/><U134/><E103/><V86/><F117/><W135/><G135/><N who="1" m="51722" /><E2/><V81/><F131/><W120/><G120/><T8/><D23/><U125/><E125/><V0/><F122/><W53/><G91/><T106/><D46/><U1/><E1/><V87/><F40/><W32/><G32/><T24/><D24/><N who="1" m="9323" /><E84/><V68/><F22/><W79/><G102/><T62/><D54/><U126/><E126/><V29/><F29/><W78/><G74/><T105/><D98/><U82/><E82/><V33/><F33/><W96/><G119/><T99/><D99/><U85/><E85/><V45/><F0/><W93/><G107/><T17/><D17/><N who="1" m="10295" /><E114/><V127/><F127/><W130/><G130/><AGARI ba="0,0" hai="4,8,15,16,21,27,52,56,62,105,106,128,129,130" machi="130" ten="40,5200,0" yaku="19,1,54,2" doraHai="113" who="0" fromWho="3" sc="272,52,161,0,109,0,458,-52" owari="324,12.4,161,-23.9,109,-39.1,406,50.6" /></mjloggm>