<mjloggm ver="2.3"><GO type="169" lobby="0"/><UN n0="%E3%81%AF%E3%81%99%E3%81%9F" n1="%E3%83%8A%E3%82%B4%E3%83%A0" n2="%73%73%73%31%39%33%33" n3="%68%7A%63" dan="16,18,16,18" rate="2086.90,2222.01,2149.00,2220.23" sx="M,M,F,F"/><TAIKYOKU oya="0"/><INIT seed="0,0,0,4,4,67" ten="250,250,250,250" oya="0" hai0="124,41,119,43,8,42,101,60,9,27,135,31,58" hai1="23,3,118,99,45,59,89,47,5,105,6,16,0" hai2="35,97,19,2,102,11,130,17,115,125,87,92,113" hai3="75,120,88,82,21,46,100,34,134,127,61,70,68"/><T71/><D119/><U104/><E118/><V36/><F36/><W18/><G34/><T15/><D124/><U96/><E59/><V116/><F125/><W40/><G127/><T37/><D135/><U64/><E64/><V4/><F116/><W10/><G134/><T72/><D72/><U95/><E95/><V76/><F35/><W55/><G10/><T51/><D37/><U131/><E23/><V132/><F132/><W91/><G100/><T84/><D101/><U49/><E49/><V25/><F130/><W13/><G120/><T38/><D38/><U52/><E89/><V32/><F32/><W86/><G75/><T77/><D77/><U90/><E90/><V65/><F65/><W81/><G61/><T26/><D84/><U121/><E52/><V54/><F54/><W107/><G55/><T129/><D129/><U133/><E131/><V30/><F30/><W110/><G107/><T14/><D51/><U22/><E22/><N who="2" m="13519" /><F19/><W111/><G91/><T98/><D98/><U126/><E133/><V79/><F79/><W85/><G85/><T122/><D122/><U63/><E126/><V44/><F44/><W80/><G46/><T103/><D103/><U74/><E74/><V12/><F2/><W106/><G106/><T94/><D94/><U78/><E78/><V50/><F50/><W112/><G40/><T62/><D43/><U7/><E121/><V114/><F76/><W28/><G28/><T24/><D24/><U33/><E105/><V123/><F123/><W109/><G112/><T39/><D39/><U56/><E104/><V128/><F128/><RYUUKYOKU ba="0,0" sc="250,-15,250,-15,250,15,250,15" hai2="4,11,12,87,92,97,102,113,114,115" hai3="13,18,21,68,70,80,81,82,86,88,109,110,111" /><INIT seed="1,1,0,5,3,102" ten="235,235,265,265" oya="1" hai0="4,110,19,106,56,124,117,54,126,115,20,18,96" hai1="58,42,55,13,71,45,103,87,1,64,43,84,73" hai2="94,135,23,70,100,72,113,35,108,61,118,44,68" hai3="52,109,36,32,129,122,101,91,86,90,107,85,47"/><U81/><E1/><V28/><F72/><W40/><G32/><T63/><D115/><U76/><E43/><V133/><F118/><W131/><G122/><T79/><D117/><U24/><E24/><V89/><F35/><W112/><G112/><T65/><D110/><U120/><E120/><V30/><F108/><W105/><G101/><T83/><D4/><U134/><E134/><V95/><F44/><W12/><G12/><T10/><D10/><U60/><E13/><V14/><F14/><W111/><G111/><T11/><D11/><U125/><E125/><N who="0" m="48233" /><D65/><U41/><E41/><V132/><F113/><W31/><G31/><T97/><D97/><U34/><E103/><V26/><F30/><W33/><G33/><T75/><D20/><U27/><E27/><V21/><F21/><W25/><G25/><T50/><D63/><U22/><E22/><V16/><F61/><W46/><G109/><T51/><D50/><U3/><E3/><V37/><F37/><W82/><G129/><T121/><D121/><U2/><E2/><V0/><F0/><W127/><G131/><T48/><D51/><N who="1" m="31103" /><E34/><V29/><F29/><W69/><G69/><T123/><D123/><U78/><E78/><V62/><F28/><W57/><G47/><T9/><D9/><U114/><E114/><V15/><F15/><W74/><G127/><T67/><D67/><U7/><E7/><V8/><F8/><W66/><G66/><T104/><D96/><U88/><E88/><V5/><F5/><W128/><G128/><T59/><D56/><U80/><E80/><V53/><F135/><RYUUKYOKU ba="1,0" sc="235,15,235,15,265,-15,265,-15" hai0="18,19,48,54,59,75,79,83,104,106" hai1="42,45,60,64,71,73,76,81,84,87" /><INIT seed="1,2,0,0,1,72" ten="250,250,250,250" oya="1" hai0="45,52,130,16,128,11,77,115,98,79,53,44,114" hai1="132,85,95,17,56,121,124,10,105,5,49,24,116" hai2="31,51,25,82,81,58,87,109,117,67,92,13,78" hai3="75,68,125,30,8,65,91,94,107,43,33,63,71"/><U18/><E105/><V113/><F117/><W70/><G125/><T29/><D29/><U47/><E116/><V129/><F109/><W46/><G107/><T22/><D11/><U99/><E121/><V111/><F111/><W21/><G33/><T74/><D98/><U9/><E132/><V26/><F129/><N who="0" m="49770" /><D74/><U62/><E85/><V120/><F120/><W0/><G75/><T89/><D89/><U134/><E134/><V102/><F13/><W15/><G0/><T42/><D53/><U123/><E124/><V14/><F14/><W7/><G21/><T35/><D35/><U135/><E123/><V64/><F82/><W86/><REACH who="3" step="1"/><G30/><REACH who="3" ten="250,250,250,240" step="2"/><T69/><D69/><U6/><E135/><V55/><F31/><W38/><AGARI ba="2,1" hai="7,8,15,38,43,46,63,65,68,70,71,86,91,94" machi="38" ten="20,8000,1" yaku="1,1,2,1,0,1,7,1,53,1" doraHai="72" doraHaiUra="1" who="3" fromWho="3" sc="250,-22,250,-42,250,-22,240,96" /><INIT seed="2,0,0,2,3,23" ten="228,208,228,336" oya="2" hai0="107,111,98,77,90,28,134,52,59,79,43,55,4" hai1="16,115,103,32,54,0,45,6,69,132,1,68,106" hai2="75,14,11,73,7,127,65,70,84,44,51,27,135" hai3="67,128,114,60,101,29,126,72,116,15,36,78,92"/><V18/><F127/><W100/><G36/><T46/><D111/><U56/><E115/><V85/><F135/><W99/><G116/><T19/><D134/><U129/><E132/><V13/><F70/><W33/><G128/><T35/><D4/><U80/><E129/><V110/><F65/><W2/><G2/><T39/><D19/><U21/><E32/><V91/><F110/><W118/><G118/><T109/><D109/><U86/><E45/><V96/><F96/><W37/><G37/><T87/><D55/><U121/><E121/><V62/><F62/><W93/><G126/><T25/><D98/><U83/><E103/><V133/><F85/><W17/><G114/><T95/><REACH who="0" step="1"/><D107/><REACH who="0" ten="218,208,228,336" step="2"/><U42/><E106/><V117/><F133/><W94/><G99/><T41/><D41/><U26/><E42/><V122/><F117/><W22/><G17/><T89/><D89/><U3/><E6/><V34/><F122/><W63/><G100/><T64/><D64/><U8/><E8/><V124/><F124/><W38/><G67/><T10/><D10/><U120/><E120/><V47/><F91/><W12/><G101/><T104/><D104/><U9/><E9/><V102/><F102/><W50/><G78/><T20/><D20/><U57/><E54/><V81/><F18/><W113/><G22/><T53/><D53/><U76/><REACH who="1" step="1"/><E80/><REACH who="1" ten="218,198,228,336" step="2"/><V58/><F81/><W123/><G113/><T131/><D131/><U130/><E130/><V97/><F11/><W105/><G123/><T125/><D125/><U74/><E74/><V108/><F75/><W66/><G105/><RYUUKYOKU ba="0,2" sc="218,15,198,15,228,-15,336,-15" hai0="25,28,35,39,43,46,52,59,77,79,87,90,95" hai1="0,1,3,16,21,26,56,57,68,69,76,83,86" /><INIT seed="3,1,2,5,2,37" ten="233,213,213,321" oya="3" hai0="13,48,105,115,41,130,2,62,1,89,0,98,85" hai1="8,40,116,91,108,35,135,30,49,20,111,36,19" hai2="32,134,83,107,56,97,74,15,64,53,60,92,17" hai3="18,87,52,129,57,12,22,124,28,65,95,94,121"/><W73/><G73/><T10/><D130/><U76/><E36/><V24/><F134/><W4/><G121/><T27/><D115/><U58/><E76/><V127/><F107/><W117/><G117/><T14/><D27/><U50/><E135/><V72/><F127/><W104/><G104/><T123/><D123/><U86/><E116/><V118/><F118/><W67/><G124/><T100/><D62/><U112/><E112/><V106/><F106/><W31/><G4/><T66/><D66/><N who="3" m="25097" /><G129/><T113/><D113/><U131/><E8/><V34/><F83/><W39/><G39/><T5/><D13/><U102/><E102/><V78/><F78/><W6/><G6/><T70/><D70/><U55/><E30/><N who="3" m="11306" /><G87/><T21/><D21/><U82/><E35/><V54/><F34/><W16/><G18/><T128/><D128/><U125/><E125/><V47/><F32/><W63/><AGARI ba="1,2" hai="12,16,22,52,57,63,94,95" m="11306,25097" machi="63" ten="30,6000,0" yaku="8,1,54,2" doraHai="37" who="3" fromWho="3" sc="233,-21,213,-21,213,-21,321,83" /><INIT seed="3,2,0,3,2,90" ten="212,192,192,404" oya="3" hai0="62,26,105,91,92,95,40,53,9,129,55,68,116" hai1="59,11,106,12,57,67,20,125,104,45,127,118,66" hai2="41,98,69,54,51,82,111,123,4,24,3,107,44" hai3="101,76,7,48,115,38,63,71,15,18,47,13,19"/><W132/><G115/><T88/><D116/><U100/><E20/><V2/><F69/><W77/><G38/><T37/><D105/><N who="1" m="40555" /><E45/><V103/><F111/><W1/><G1/><T31/><D129/><U14/><E11/><V85/><F123/><W60/><G101/><T110/><D110/><U75/><E75/><V87/><F87/><W10/><G132/><T58/><D68/><U114/><E100/><V16/><F4/><W32/><G32/><T109/><D109/><U49/><E49/><V8/><F41/><W23/><G7/><T22/><D9/><U86/><E86/><V119/><F119/><W33/><G33/><T122/><D122/><U50/><E50/><V64/><F64/><N who="1" m="24617" /><E118/><V128/><F128/><W113/><G113/><T5/><D5/><U35/><E35/><V73/><F73/><W74/><G74/><T81/><D81/><U117/><E117/><V46/><F46/><W102/><G102/><T30/><D30/><U36/><E36/><V27/><F27/><W134/><G134/><T70/><D70/><U72/><E72/><V84/><F84/><W52/><REACH who="3" step="1"/><G71/><REACH who="3" ten="212,192,192,394" step="2"/><T25/><D37/><U99/><E114/><V131/><F131/><W121/><G121/><T96/><D26/><U83/><E14/><N who="2" m="7239" /><F24/><W17/><G17/><T120/><D120/><U34/><E12/><V28/><F28/><W6/><G6/><T108/><D108/><U135/><E34/><V21/><F3/><W0/><G0/><T29/><D31/><U133/><E133/><V61/><F2/><W79/><AGARI ba="2,1" hai="10,13,15,18,19,23,47,48,52,60,63,76,77,79" machi="79" ten="30,11700,0" yaku="1,1,0,1,8,1,54,1,53,0" doraHai="90" doraHaiUra="94" who="3" fromWho="3" sc="212,-41,192,-41,192,-41,394,133" /><INIT seed="3,3,0,0,5,91" ten="171,151,151,527" oya="3" hai0="86,134,20,38,51,46,129,79,60,80,119,37,92" hai1="96,54,66,2,106,35,57,47,74,59,58,48,128" hai2="88,63,131,29,112,109,53,42,18,62,11,84,116" hai3="94,61,125,32,43,55,68,23,111,14,102,93,33"/><W50/><G125/><T76/><D119/><U108/><E2/><V85/><F112/><W12/><G33/><T97/><D129/><U118/><E74/><V70/><F116/><W65/><G32/><T44/><D134/><U90/><E118/><V56/><F131/><W81/><G111/><T25/><D79/><U110/><E35/><V71/><F109/><N who="1" m="42089" /><E128/><V89/><F42/><W0/><G0/><T5/><D5/><U72/><E72/><V83/><F29/><W100/><G43/><T124/><D124/><U101/><E90/><V22/><F11/><W6/><G81/><T99/><D99/><U103/><E103/><V115/><F115/><W64/><G64/><AGARI ba="3,0" hai="47,48,54,57,58,59,64,66,96,101,106" m="42089" machi="64" ten="30,1000,0" yaku="14,1" doraHai="91" who="1" fromWho="3" sc="171,0,151,19,151,0,527,-19" /><INIT seed="4,0,0,1,1,111" ten="171,170,151,508" oya="0" hai0="133,132,41,40,23,37,70,8,121,49,17,3,52" hai1="0,119,93,60,54,30,102,11,103,5,135,10,22" hai2="110,65,62,101,85,28,13,96,75,35,86,122,34" hai3="77,78,15,134,56,57,98,125,31,58,128,50,38"/><T20/><D121/><U51/><E119/><V89/><F110/><W83/><G38/><T120/><D120/><U69/><E135/><N who="0" m="51785" /><D70/><U130/><E130/><V100/><F122/><W48/><G128/><T88/><D37/><U109/><E109/><V71/><F75/><W106/><G125/><T73/><D73/><U18/><E30/><V90/><F13/><W64/><G134/><T26/><D20/><U127/><E127/><V115/><F115/><W79/><G64/><T126/><D126/><U97/><E11/><V91/><F101/><W67/><G67/><T118/><D118/><U47/><E60/><V123/><F123/><W4/><G31/><T82/><D3/><U68/><REACH who="1" step="1"/><E103/><REACH who="1" ten="171,160,151,508" step="2"/><V80/><F28/><W105/><G4/><T63/><D63/><U42/><E42/><V6/><F6/><W7/><G7/><T9/><D8/><U19/><E19/><V24/><F100/><W36/><G106/><T59/><D9/><U61/><E61/><V112/><F35/><W66/><G105/><T117/><D117/><U95/><E95/><V81/><F34/><W108/><G108/><T94/><D82/><U99/><E99/><AGARI ba="0,1" hai="17,23,26,40,41,49,52,59,88,94,99" m="51785" machi="99" ten="30,5800,0" yaku="20,1,54,2" doraHai="111" who="0" fromWho="1" sc="171,68,160,-58,151,0,508,0" /><INIT seed="4,1,0,5,2,4" ten="239,102,151,508" oya="0" hai0="104,30,84,82,22,28,96,101,17,130,33,86,78" hai1="7,106,121,105,13,21,110,49,103,72,27,113,54" hai2="92,79,6,67,114,3,107,26,109,23,61,83,47" hai3="16,18,126,111,38,112,87,43,77,69,124,8,135"/><T52/><D130/><U50/><E110/><V88/><F107/><W120/><G69/><T46/><D33/><U34/><E121/><V25/><F109/><W65/><G65/><T89/><D46/><U115/><E72/><V68/><F114/><N who="1" m="43529" /><E103/><V0/><F47/><N who="3" m="24055" /><G112/><T108/><D108/><U127/><E34/><V90/><F26/><W80/><G111/><T75/><D52/><U64/><E64/><V71/><F71/><W35/><G35/><T100/><D100/><U99/><E99/><V15/><F15/><N who="3" m="7271" /><G120/><T19/><D84/><U125/><E105/><V133/><F6/><W37/><G37/><T40/><D40/><U41/><E106/><V56/><F68/><W76/><G18/><T118/><D118/><U122/><E41/><V63/><F63/><W73/><G135/><T5/><D5/><U70/><E70/><V74/><F133/><W102/><G102/><T128/><D128/><U98/><E98/><V132/><F132/><W11/><G11/><T91/><D17/><N who="1" m="12719" /><E122/><V97/><F90/><N who="3" m="51559" /><G73/><T31/><REACH who="0" step="1"/><D75/><REACH who="0" ten="229,102,151,508" step="2"/><U59/><E50/><V55/><F67/><W116/><G116/><T9/><D9/><AGARI ba="1,1" hai="7,9,13,49,54,59,125,127" m="12719,43529" machi="9" ten="30,3900,0" yaku="15,1,11,1,52,1" doraHai="4" who="1" fromWho="0" sc="229,-42,102,52,151,0,508,0" /><INIT seed="5,0,0,3,5,109" ten="187,154,151,508" oya="1" hai0="100,51,71,56,33,101,11,57,104,46,90,13,40" hai1="80,2,129,63,135,3,131,41,30,39,113,76,25" hai2="23,44,72,73,132,103,107,21,134,84,8,120,4" hai3="86,70,91,62,6,49,7,54,26,65,67,112,37"/><U52/><E135/><N who="2" m="51755" /><F120/><W106/><G106/><T78/><D71/><U82/><E41/><V31/><F44/><W128/><G128/><N who="1" m="49226" /><E39/><V45/><F45/><W117/><G37/><T29/><D78/><U130/><N who="1" m="49234" /><U116/><DORA hai="87" /><E116/><V53/><F53/><W19/><G67/><T12/><D33/><N who="1" m="20687" /><E113/><V108/><F108/><W98/><G112/><T5/><D40/><U32/><E32/><V77/><F84/><W92/><G86/><T27/><D104/><U16/><E16/><V15/><F31/><W75/><G75/><N who="2" m="28745" /><F77/><W10/><G117/><T61/><D29/><U102/><E76/><V96/><AGARI ba="0,0" hai="4,8,15,21,23,96,103,107" m="28745,51755" machi="96" ten="40,1500,0" yaku="20,1" doraHai="109,87" who="2" fromWho="2" sc="187,-4,154,-7,151,15,508,-4" /><INIT seed="6,0,0,2,0,97" ten="183,147,166,504" oya="2" hai0="17,53,13,46,130,68,0,4,127,25,133,39,44" hai1="58,124,134,62,86,3,2,129,109,21,67,1,87" hai2="83,60,59,128,126,100,24,135,89,80,119,116,31" hai3="28,108,37,8,23,78,76,95,48,14,75,12,52"/><V27/><F126/><W5/><G37/><T69/><D127/><U6/><E124/><V64/><F135/><W103/><G75/><T79/><D133/><U125/><E125/><V98/><F128/><W101/><G108/><T56/><D130/><U57/><E129/><V54/><F27/><N who="3" m="16511" /><G14/><T106/><D106/><U65/><E134/><V99/><F99/><N who="3" m="59647" /><G103/><T22/><D39/><U26/><E6/><V115/><F115/><W107/><G107/><T61/><D4/><U63/><REACH who="1" step="1"/><E109/><REACH who="1" ten="183,137,166,504" step="2"/><V96/><F119/><W29/><G29/><AGARI ba="0,1" hai="1,2,3,21,26,29,57,58,62,63,65,67,86,87" machi="29" ten="40,8000,1" yaku="1,1,2,1,9,1,53,1" doraHai="97" doraHaiUra="19" who="1" fromWho="3" sc="183,0,137,90,166,0,504,-80" /><INIT seed="7,0,0,1,0,73" ten="183,227,166,424" oya="3" hai0="9,26,63,36,37,1,6,87,112,92,80,48,90" hai1="5,41,108,119,52,24,16,128,104,83,68,46,14" hai2="109,17,43,70,50,118,98,134,103,19,47,51,97" hai3="75,33,84,117,105,34,15,121,13,116,86,44,30"/><W120/><G44/><T35/><D112/><U71/><E104/><V126/><F109/><W122/><G75/><T27/><D48/><U65/><E108/><V106/><F118/><N who="3" m="45675" /><G30/><T56/><D27/><U82/><E128/><V60/><F126/><W7/><G7/><T21/><D35/><N who="3" m="13321" /><G105/><T12/><D12/><AGARI ba="0,0" hai="12,13,15,84,86,120,121,122" m="13321,45675" machi="12" ten="40,3900,0" yaku="28,2" doraHai="73" who="3" fromWho="0" sc="183,-39,227,0,166,0,424,39" owari="144,-35.6,227,2.7,166,-23.4,463,56.3" /></mjloggm>