<mjloggm ver="2.3"><GO type="169" lobby="0"/><UN n0="%E6%96%90%E6%B5%85" n1="%E4%B9%85%E4%BF%9D%E3%82%B7%E3%82%AA%E3%83%AA" n2="%74%61%6B%61%74%6F%72%69" n3="%E3%81%9F%E3%81%BE%E5%AD%90" dan="16,16,16,17" rate="2083.10,2026.02,2041.69,2249.27" sx="M,M,M,M"/><TAIKYOKU oya="0"/><INIT seed="0,0,0,0,3,95" ten="250,250,250,250" oya="0" hai0="61,134,84,6,57,58,78,41,53,88,80,87,103" hai1="124,111,109,33,4,116,12,96,126,70,130,90,65" hai2="113,118,20,60,35,92,51,77,94,24,127,125,36" hai3="27,30,99,72,7,112,52,9,16,105,106,79,37"/><T108/><D134/><U128/><E33/><V107/><F36/><W62/><G112/><T101/><D41/><U54/><E4/><V68/><F113/><W10/><G37/><T132/><D132/><U38/><E12/><V89/><F35/><W25/><G79/><T67/><D6/><U71/><E90/><V39/><F39/><W110/><G72/><T93/><REACH who="0" step="1"/><D108/><REACH who="0" ten="240,250,250,250" step="2"/><U64/><E38/><V133/><F133/><W56/><G110/><T75/><D75/><U55/><REACH who="1" step="1"/><E96/><REACH who="1" ten="240,240,250,250" step="2"/><V42/><F127/><W5/><G5/><T8/><D8/><U28/><E28/><V2/><F125/><W83/><G7/><T82/><D82/><U11/><E11/><V19/><F2/><W74/><G10/><T131/><D131/><U49/><E49/><AGARI ba="0,2" hai="49,53,57,58,61,67,78,80,84,87,88,93,101,103" machi="49" ten="30,12000,1" yaku="1,1,7,1,8,1,54,1,53,1" doraHai="95" doraHaiUra="47" who="0" fromWho="1" sc="240,140,240,-120,250,0,250,0" /><INIT seed="0,1,0,0,2,83" ten="380,120,250,250" oya="0" hai0="29,88,86,92,12,128,27,62,127,28,39,8,85" hai1="110,56,4,20,125,58,64,26,53,94,114,97,134" hai2="130,54,121,61,111,13,106,51,2,57,105,118,103" hai3="16,50,131,43,45,46,1,101,80,69,55,73,120"/><T52/><D39/><U78/><E110/><V5/><F111/><W36/><G1/><T31/><D127/><U22/><E134/><V38/><F121/><W90/><G120/><T23/><D128/><U107/><E107/><V113/><F2/><W37/><G131/><T63/><D85/><U42/><E125/><V6/><F113/><W40/><G69/><T98/><D98/><U18/><E114/><V135/><F135/><W34/><G34/><T126/><D126/><U82/><E4/><V66/><F118/><W87/><G101/><T72/><D72/><U65/><E22/><V81/><F103/><W96/><G96/><T116/><D116/><U133/><E56/><V102/><F102/><W44/><G73/><T124/><D124/><U60/><E42/><V95/><F95/><W35/><G35/><T100/><D100/><U93/><E133/><V74/><F6/><W59/><G59/><N who="0" m="35175" /><D63/><U119/><E119/><V115/><F115/><W33/><G33/><T79/><D79/><U84/><E94/><V109/><F109/><W21/><G21/><T19/><AGARI ba="1,0" hai="8,12,19,23,27,28,29,31,86,88,92" m="35175" machi="19" ten="30,11700,0" yaku="8,1,52,1,54,2" doraHai="83" who="0" fromWho="0" sc="380,120,120,-40,250,-40,250,-40" /><INIT seed="0,2,0,0,3,126" ten="500,80,210,210" oya="0" hai0="131,20,107,53,30,112,13,71,19,128,102,37,47" hai1="43,111,21,0,59,35,5,75,12,50,105,72,109" hai2="113,68,69,64,42,125,134,101,84,3,52,55,82" hai3="6,62,65,94,115,88,29,28,41,8,67,81,10"/><T11/><D112/><U33/><E105/><V92/><F113/><W60/><G115/><T110/><D71/><U39/><E39/><V120/><F120/><W133/><G81/><T124/><D124/><U15/><E59/><V96/><F3/><W80/><G80/><T98/><D110/><N who="1" m="41995" /><E50/><V48/><F134/><W106/><G106/><T117/><D117/><U14/><E43/><V2/><F2/><W31/><G41/><T89/><D89/><U116/><E116/><V122/><F122/><W77/><G77/><T135/><D135/><U123/><E123/><V44/><F125/><W61/><G133/><T46/><D53/><U63/><E63/><V86/><F86/><W54/><G54/><T26/><REACH who="0" step="1"/><D37/><REACH who="0" ten="490,80,210,210" step="2"/><U132/><E132/><V18/><F69/><W97/><REACH who="3" step="1"/><G6/><REACH who="3" ten="490,80,210,200" step="2"/><T90/><D90/><U32/><E5/><V127/><F55/><W108/><G108/><T38/><D38/><U118/><E118/><V1/><F127/><W121/><G121/><T45/><AGARI ba="2,2" hai="11,13,19,20,26,30,45,46,47,98,102,107,128,131" machi="45" ten="30,11700,0" yaku="1,1,0,1,52,2,53,0" doraHai="126" doraHaiUra="58" who="0" fromWho="0" sc="490,143,80,-41,210,-41,200,-41" /><INIT seed="0,3,0,4,5,67" ten="633,39,169,159" oya="0" hai0="96,135,8,53,95,132,22,66,5,30,125,35,102" hai1="73,58,21,86,74,12,115,89,85,75,116,80,14" hai2="134,50,4,42,16,94,111,82,114,78,20,71,123" hai3="37,49,24,10,54,23,90,18,41,60,120,39,1"/><T130/><D35/><U121/><E121/><V122/><F114/><W64/><G120/><T9/><D125/><U129/><E116/><V112/><F112/><W119/><G119/><T76/><D130/><U36/><E115/><V65/><F111/><W62/><G41/><T109/><D109/><U3/><E3/><V27/><F134/><N who="0" m="51242" /><D66/><U19/><E36/><V28/><F4/><W99/><G60/><T97/><D76/><U17/><E129/><V51/><F94/><W104/><G1/><T47/><D5/><U70/><E58/><V44/><F51/><W52/><G10/><T103/><D47/><U92/><E70/><V34/><F71/><W83/><G54/><T31/><D53/><U45/><E45/><V84/><F65/><W25/><G25/><AGARI ba="3,0" hai="16,20,25,27,28,34,42,44,50,78,82,84,122,123" machi="25" ten="30,2000,0" yaku="7,1,54,1" doraHai="67" who="2" fromWho="3" sc="633,0,39,0,169,29,159,-29" /><INIT seed="1,0,0,4,4,115" ten="633,39,198,130" oya="1" hai0="54,78,14,9,77,5,85,53,96,92,93,17,62" hai1="4,21,107,119,86,24,67,109,91,108,52,84,102" hai2="87,22,117,63,37,127,30,44,128,39,11,29,36" hai3="27,71,32,25,35,56,89,124,73,12,31,42,19"/><U103/><E67/><V95/><F128/><W38/><G71/><T90/><D5/><U50/><E4/><V123/><F123/><W61/><G73/><T51/><D62/><U126/><E126/><V133/><F133/><W55/><G124/><T101/><REACH who="0" step="1"/><D54/><REACH who="0" ten="623,39,198,130" step="2"/><U7/><E7/><V15/><F63/><W47/><G55/><T125/><D125/><U49/><E119/><V16/><F117/><W20/><G61/><T105/><D105/><U58/><E107/><V80/><F127/><W82/><G56/><AGARI ba="0,1" hai="9,14,17,51,53,56,77,78,85,90,92,93,96,101" machi="56" ten="30,7700,0" yaku="1,1,7,1,8,1,53,1" doraHai="115" doraHaiUra="98" who="0" fromWho="3" sc="623,87,39,0,198,0,130,-77" /><INIT seed="2,0,0,1,1,87" ten="710,39,198,53" oya="2" hai0="129,94,16,86,8,70,135,49,56,21,107,45,32" hai1="85,117,46,90,80,4,84,37,29,101,22,14,60" hai2="12,73,40,112,51,100,7,98,68,124,50,75,36" hai3="125,48,47,132,78,41,30,99,115,96,131,69,120"/><V64/><F112/><W0/><G120/><T59/><D70/><U26/><E117/><V105/><F124/><W97/><G125/><T89/><D32/><U24/><E101/><V42/><F42/><W92/><G115/><T126/><D126/><U10/><E26/><V55/><F51/><W76/><G0/><T18/><D107/><U83/><E60/><V62/><F12/><W74/><G69/><T25/><D135/><U95/><REACH who="1" step="1"/><E84/><REACH who="1" ten="710,29,198,53" step="2"/><V17/><F75/><W57/><G74/><T119/><D119/><U128/><E128/><V58/><F73/><W11/><G131/><T23/><D129/><U27/><E27/><V91/><F7/><W104/><G132/><T5/><D5/><U67/><E67/><V103/><F17/><W2/><G104/><T35/><D35/><U88/><E88/><V20/><F103/><W106/><G106/><T82/><D8/><U31/><E31/><V3/><F20/><W6/><G30/><T109/><D23/><U13/><E13/><V44/><REACH who="2" step="1"/><F91/><REACH who="2" ten="710,29,188,53" step="2"/><W114/><G114/><T113/><D18/><U111/><E111/><V133/><F133/><W121/><G6/><T108/><D113/><U54/><E54/><V116/><F116/><W110/><G110/><T65/><D109/><U127/><E127/><V53/><F53/><W77/><G11/><T66/><D108/><U71/><E71/><V130/><F130/><W72/><G72/><T81/><D66/><U19/><E19/><V61/><F61/><W39/><G78/><T34/><D65/><U102/><E102/><V123/><F123/><W15/><G121/><RYUUKYOKU ba="0,2" sc="710,-15,29,15,188,15,53,-15" hai1="4,10,14,22,24,29,37,46,80,83,85,90,95" hai2="3,36,40,44,50,55,58,62,64,68,98,100,105" /><INIT seed="2,1,2,1,1,22" ten="695,44,203,38" oya="2" hai0="19,52,17,60,94,56,62,42,127,78,23,26,43" hai1="119,57,32,25,59,125,45,13,120,97,122,121,135" hai2="31,12,11,123,106,50,37,71,75,18,95,72,61" hai3="38,29,55,64,100,79,49,112,0,14,102,80,111"/><V109/><F123/><W8/><G38/><T76/><D127/><U133/><E119/><V90/><F37/><W46/><G0/><T134/><D134/><N who="1" m="51211" /><E125/><V77/><F106/><W86/><G111/><T89/><D62/><U68/><E68/><V67/><F77/><N who="0" m="29802" /><D19/><U15/><E45/><V35/><F109/><W117/><G117/><T83/><D83/><U108/><E108/><V3/><F3/><W27/><G64/><T91/><D91/><U93/><E13/><V39/><F39/><W33/><REACH who="3" step="1"/><G112/><REACH who="3" ten="695,44,203,28" step="2"/><T65/><D65/><U70/><E70/><V54/><F35/><W132/><G132/><T63/><D63/><U113/><E113/><V4/><F61/><W66/><G66/><T34/><D34/><U92/><E15/><V107/><F12/><W99/><G99/><AGARI ba="1,3" hai="17,23,26,42,43,52,56,60,89,94,99" m="29802" machi="99" ten="30,7700,0" yaku="25,1,8,1,52,1,54,1" doraHai="22" who="0" fromWho="3" sc="695,110,44,0,203,0,28,-80" owari="805,90.5,44,-35.6,203,0.3,-52,-55.2" /></mjloggm>