<mjloggm ver="2.3"><GO type="169" lobby="0"/><UN n0="%E3%83%96%E3%83%BC%E3%83%93%E3%83%BC" n1="%74%61%6E%70%69%6E%38" n2="%E3%81%97%E3%82%83%E3%82%93%E3%81%8A%E3%81%98" n3="%48%79" dan="17,16,17,16" rate="2153.06,2134.72,2204.64,2132.27" sx="M,M,F,F"/><TAIKYOKU oya="0"/><INIT seed="0,0,0,0,2,56" ten="250,250,250,250" oya="0" hai0="132,107,117,90,44,80,15,95,21,82,30,48,46" hai1="36,123,7,127,118,102,38,84,24,97,113,88,9" hai2="10,12,19,115,89,3,25,31,29,114,81,77,92" hai3="105,4,14,37,49,98,2,93,17,133,34,126,130"/><T74/><D107/><U57/><E118/><V18/><F3/><W87/><G37/><T94/><D117/><U33/><E123/><V11/><F11/><W121/><G34/><T76/><D132/><U111/><E111/><V35/><F29/><W106/><G2/><T86/><D44/><U8/><E127/><V55/><F19/><W27/><G4/><T78/><D15/><U32/><E8/><V52/><F115/><W43/><G27/><T116/><D116/><U73/><E73/><V128/><F128/><W110/><G87/><T67/><D67/><U131/><E131/><V0/><F0/><W28/><G130/><T66/><D66/><U26/><E26/><V72/><REACH who="2" step="1"/><F114/><REACH who="2" ten="250,250,240,250" step="2"/><W125/><G28/><T62/><D30/><U79/><E9/><V100/><F100/><W13/><G125/><T124/><D124/><U45/><E102/><V61/><F61/><W50/><G17/><T85/><D21/><U108/><E113/><V63/><F63/><W71/><G126/><T65/><D62/><U129/><E129/><V119/><F119/><W101/><G101/><T103/><D65/><U59/><E32/><V69/><F69/><W5/><G71/><T91/><D103/><U135/><E33/><V51/><F51/><W120/><G49/><T54/><REACH who="0" step="1"/><D74/><REACH who="0" ten="240,250,240,250" step="2"/><U112/><E112/><V83/><F83/><AGARI ba="0,2" hai="46,48,54,76,78,80,82,83,85,86,90,91,94,95" machi="83" ten="40,12000,1" yaku="1,1,2,1,9,1,8,1,53,0" doraHai="56" doraHaiUra="16" who="0" fromWho="2" sc="240,140,250,0,240,-120,250,0" /><INIT seed="0,1,0,1,0,119" ten="380,250,120,250" oya="0" hai0="30,0,96,4,35,80,82,46,11,129,111,9,59" hai1="87,107,116,71,81,133,3,63,24,86,123,134,2" hai2="7,67,10,45,78,16,14,72,56,31,1,93,84" hai3="48,37,102,128,105,25,104,61,41,21,38,5,53"/><T29/><D129/><U13/><E107/><V94/><F72/><W44/><G128/><T12/><D111/><U42/><E42/><V70/><F70/><W58/><G5/><T8/><D8/><U75/><E75/><V117/><F117/><W77/><G77/><T112/><D112/><U66/><E87/><V89/><F78/><W108/><G108/><T22/><D35/><U113/><E113/><V50/><F31/><W83/><G83/><T97/><D59/><U69/><E69/><V76/><F76/><W88/><G102/><T95/><D46/><U106/><E106/><V73/><F73/><W34/><G34/><T131/><D131/><U47/><E47/><V126/><F126/><W135/><G135/><N who="1" m="51722" /><E24/><V120/><F67/><W57/><G88/><T74/><D74/><U98/><E98/><V79/><F79/><W122/><G122/><T15/><D97/><U65/><E65/><V103/><F56/><W68/><G37/><T99/><D96/><U109/><E123/><V32/><F103/><W121/><G121/><T90/><D0/><U91/><E116/><V115/><F115/><W127/><G127/><T17/><REACH who="0" step="1"/><D30/><REACH who="0" ten="370,250,120,250" step="2"/><U114/><E114/><V51/><F120/><W100/><G57/><T118/><D118/><U85/><E109/><V36/><F32/><W6/><G58/><T27/><AGARI ba="1,1" hai="4,9,11,12,15,17,22,27,29,80,82,90,95,99" machi="27" ten="30,11700,0" yaku="1,1,0,1,8,1,53,1" doraHai="119" doraHaiUra="20" who="0" fromWho="0" sc="370,130,250,-40,120,-40,250,-40" /><INIT seed="0,2,0,5,2,108" ten="500,210,80,210" oya="0" hai0="85,34,107,91,70,97,49,1,7,0,31,13,64" hai1="118,47,6,127,135,98,116,92,11,54,131,72,51" hai2="59,66,113,84,89,68,104,83,134,124,123,25,40" hai3="90,17,56,39,65,86,19,74,126,102,37,57,121"/><T103/><D49/><U87/><E72/><V16/><F123/><W109/><G74/><T30/><D13/><U82/><E135/><V29/><F124/><W41/><G109/><T23/><D23/><U12/><E131/><V22/><F134/><W43/><G126/><T95/><D7/><U52/><E127/><V115/><F68/><W106/><G121/><T24/><REACH who="0" step="1"/><D31/><REACH who="0" ten="490,210,80,210" step="2"/><U117/><E51/><V58/><F40/><W88/><G37/><T38/><D38/><U129/><E129/><V60/><F104/><W20/><G39/><T133/><D133/><U2/><E12/><V77/><F29/><W8/><G106/><T128/><D128/><U5/><E6/><V28/><F28/><W76/><G20/><T94/><D94/><U27/><E27/><V35/><F35/><W71/><G19/><T45/><D45/><U119/><E119/><V67/><F77/><W130/><G17/><T46/><D46/><U14/><E14/><V3/><F3/><W36/><G36/><T99/><D99/><U114/><E47/><V69/><REACH who="2" step="1"/><F69/><REACH who="2" ten="490,210,70,210" step="2"/><W50/><G71/><T81/><D81/><U110/><E118/><V44/><F44/><W53/><G130/><T112/><D112/><U73/><E114/><V96/><F96/><W101/><G41/><T93/><D93/><U62/><E117/><V80/><F80/><W100/><G43/><T55/><D55/><U33/><E52/><V132/><F132/><W78/><G53/><T32/><D32/><U4/><E54/><V10/><F10/><W79/><G8/><T26/><D26/><U122/><E11/><RYUUKYOKU ba="2,2" sc="490,15,210,-15,70,15,210,-15" hai0="0,1,24,30,34,64,70,85,91,95,97,103,107" hai2="16,22,25,58,59,60,66,67,83,84,89,113,115" /><INIT seed="0,3,2,4,2,33" ten="505,195,85,195" oya="0" hai0="16,90,85,65,6,9,134,0,19,37,122,118,55" hai1="79,25,73,71,42,76,59,123,81,44,27,121,127" hai2="125,82,108,28,86,5,83,84,75,14,13,95,15" hai3="129,46,130,8,12,53,109,104,106,78,72,30,3"/><T23/><D118/><U101/><E71/><V11/><F108/><W70/><G70/><T58/><D122/><U115/><E127/><V61/><F125/><W43/><G109/><T88/><D134/><U40/><E115/><V29/><F75/><W113/><G113/><T107/><D37/><U102/><E59/><V48/><F61/><W91/><G53/><T17/><D107/><U111/><E111/><V114/><F114/><W96/><G30/><N who="2" m="11881" /><F95/><W2/><G78/><T119/><D65/><U80/><E44/><V47/><F86/><W51/><G72/><AGARI ba="3,2" hai="25,27,40,42,72,73,76,79,80,81,101,102,121,123" machi="72" ten="25,1600,0" yaku="22,2" doraHai="33" who="1" fromWho="3" sc="505,0,195,45,85,0,195,-25" /><INIT seed="1,0,0,1,5,81" ten="505,240,85,170" oya="1" hai0="14,21,83,119,10,100,125,76,88,19,112,82,20" hai1="84,56,62,96,26,32,99,132,74,70,17,68,98" hai2="44,97,37,94,42,90,110,23,95,80,58,35,77" hai3="60,109,18,128,2,33,114,36,57,126,78,116,135"/><U55/><E74/><V3/><F110/><W1/><RYUUKYOKU type="yao9" ba="0,0" sc="505,0,240,0,85,0,170,0" hai3="1,2,18,33,36,57,60,78,109,114,116,126,128,135" /><INIT seed="1,1,0,0,2,29" ten="505,240,85,170" oya="1" hai0="44,0,69,63,96,19,77,80,86,89,49,135,126" hai1="104,3,92,102,9,90,21,2,76,52,10,34,43" hai2="51,6,125,12,39,75,66,134,37,73,18,122,64" hai3="45,119,16,36,84,116,111,127,85,113,20,46,41"/><U124/><E43/><V11/><F122/><W50/><G113/><T61/><D0/><U78/><E124/><V67/><F125/><W56/><G127/><T60/><D135/><U59/><E102/><V132/><F51/><W129/><G56/><T17/><D69/><U13/><E104/><V99/><F99/><W54/><G111/><T14/><D126/><U93/><E34/><V74/><REACH who="2" step="1"/><F18/><REACH who="2" ten="505,240,75,170" step="2"/><W30/><G129/><T8/><D96/><U118/><E118/><N who="3" m="45098" /><G30/><T35/><D19/><N who="1" m="10479" /><E2/><V120/><F120/><W108/><G108/><T101/><D17/><U97/><E3/><V107/><F107/><W98/><G98/><T24/><D49/><N who="1" m="31119" /><E93/><V1/><F1/><W91/><G91/><T23/><D89/><U25/><E25/><AGARI ba="1,1" hai="16,20,25,36,41,45,46,50,54,84,85" m="45098" machi="25" ten="30,2000,0" yaku="12,1,54,1" doraHai="29" who="3" fromWho="1" sc="505,0,240,-23,75,0,170,33" /><INIT seed="2,0,0,4,3,63" ten="505,217,75,203" oya="2" hai0="22,26,99,108,131,121,127,46,103,57,59,10,72" hai1="67,27,2,60,91,118,107,33,0,41,133,54,43" hai2="40,68,93,90,102,7,71,4,48,123,39,45,85" hai3="36,106,84,20,88,125,31,135,119,95,73,94,49"/><V105/><F123/><W35/><G119/><T32/><D121/><U92/><E118/><V128/><F128/><W50/><G106/><T104/><D108/><U11/><E107/><V21/><F39/><W78/><G35/><T117/><D72/><U74/><E74/><V79/><F79/><W62/><G125/><T17/><D117/><U14/><E133/><V30/><F71/><W110/><G110/><T87/><D127/><U12/><E54/><V124/><F68/><W15/><G36/><T44/><D32/><U13/><E27/><N who="2" m="16751" /><F105/><W100/><G135/><T114/><D114/><U5/><E0/><V24/><F124/><W47/><G73/><T1/><D87/><U29/><E29/><V82/><F24/><N who="3" m="16775" /><G78/><T134/><D134/><U3/><E3/><V83/><F102/><W8/><G62/><T25/><D25/><U34/><E34/><V97/><F97/><N who="3" m="59447" /><G47/><T70/><D70/><U51/><E51/><V80/><AGARI ba="0,0" hai="4,7,40,45,48,80,82,83,85,90,93" m="16751" machi="80" ten="30,1500,0" yaku="8,1" doraHai="63" who="2" fromWho="2" sc="505,-5,217,-5,75,15,203,-5" /><INIT seed="2,1,0,5,2,55" ten="500,212,90,198" oya="2" hai0="13,61,8,101,99,63,102,15,21,130,116,92,89" hai1="90,54,74,117,19,52,36,28,42,112,49,11,124" hai2="80,53,58,78,120,81,65,86,103,50,128,64,32" hai3="88,29,35,48,106,104,127,39,18,71,94,73,1"/><V108/><F120/><W16/><G39/><T126/><D130/><U85/><E112/><V20/><F32/><W82/><G71/><T70/><D70/><U77/><E117/><V100/><F128/><W59/><G1/><T0/><D0/><U91/><E74/><V56/><F108/><W12/><G127/><T76/><D76/><U60/><E36/><V10/><F10/><W113/><G113/><T26/><D116/><U111/><E42/><V79/><F20/><W118/><G118/><T57/><D63/><U135/><E135/><V68/><F68/><W23/><G35/><T3/><D3/><U47/><E28/><V123/><F123/><W6/><G6/><T30/><D15/><N who="1" m="7679" /><E124/><V133/><F133/><W38/><G38/><T122/><D122/><U115/><E111/><V87/><F53/><N who="3" m="32167" /><G73/><T107/><D107/><U72/><E72/><V27/><F50/><W34/><G34/><T95/><D92/><U41/><E41/><V43/><F43/><W4/><G106/><T44/><D44/><U97/><E97/><V45/><F27/><N who="3" m="16639" /><G82/><T119/><D119/><U9/><E115/><V69/><F69/><W132/><G104/><T62/><D62/><U93/><E9/><V25/><F25/><W131/><G132/><T24/><D126/><U66/><E66/><V7/><F7/><W134/><G134/><T5/><D26/><U129/><E129/><V14/><F14/><W17/><G131/><T67/><AGARI ba="1,0" hai="5,8,13,21,24,30,57,61,67,89,95,99,101,102" machi="67" ten="20,5200,0" yaku="0,1,7,1,8,1,52,1" doraHai="55" who="0" fromWho="0" sc="500,55,212,-14,90,-27,198,-14" /><INIT seed="3,0,0,4,2,129" ten="555,198,63,184" oya="3" hai0="135,81,2,25,8,64,117,108,20,0,91,52,84" hai1="50,132,36,74,67,43,51,95,65,59,41,83,73" hai2="14,15,12,53,93,98,134,94,126,115,47,1,3" hai3="23,112,38,85,116,42,106,57,123,124,101,86,7"/><W46/><G112/><T62/><D117/><U87/><E95/><V76/><F115/><W109/><G116/><T70/><D108/><U30/><E30/><V89/><F76/><W34/><G123/><T131/><D131/><U82/><E87/><V55/><F126/><W99/><G34/><T28/><D135/><U31/><E31/><V122/><F122/><W13/><G124/><T39/><D39/><U54/><E36/><V80/><F80/><W4/><G109/><T10/><REACH who="0" step="1"/><D52/><REACH who="0" ten="545,198,63,184" step="2"/><U96/><E54/><V56/><F134/><W102/><G38/><T29/><D29/><U68/><E132/><V128/><F128/><W61/><G42/><T66/><D66/><U130/><E67/><V113/><F113/><W44/><G46/><T118/><D118/><U79/><E65/><V110/><F110/><W107/><G44/><T19/><D19/><U48/><E41/><V6/><F47/><W35/><G61/><T24/><D24/><U45/><E43/><V133/><F133/><W119/><G119/><T90/><D90/><U16/><E16/><V121/><F53/><W21/><G57/><T100/><D100/><U27/><E27/><V111/><F121/><W77/><G102/><T5/><D5/><U32/><E59/><V120/><F120/><W92/><G101/><T17/><D17/><U125/><E45/><V71/><F111/><W105/><G4/><T60/><D60/><U49/><E130/><V114/><F114/><W88/><G7/><T11/><AGARI ba="0,1" hai="0,2,8,10,11,20,25,28,62,64,70,81,84,91" machi="11" ten="30,2000,0" yaku="1,1,0,1,53,0" doraHai="129" doraHaiUra="37" who="0" fromWho="0" sc="545,30,198,-5,63,-5,184,-10" /><INIT seed="4,0,0,0,0,21" ten="575,193,58,174" oya="0" hai0="60,105,28,82,11,43,66,108,41,91,119,88,50" hai1="125,56,31,33,20,65,81,103,61,114,4,100,94" hai2="46,49,63,93,1,73,67,16,109,129,122,17,36" hai3="59,22,85,40,99,90,6,120,27,10,23,95,58"/><T14/><D119/><U106/><E106/><V104/><F109/><W52/><G120/><T12/><D108/><U121/><E121/><V57/><F122/><W84/><G40/><T86/><D105/><U77/><E33/><V45/><F73/><W101/><G22/><T97/><D28/><U35/><E35/><V92/><F104/><W71/><G71/><T131/><D131/><U69/><E125/><V112/><F1/><W24/><G58/><T62/><D50/><U8/><E69/><V127/><F127/><W2/><G23/><T44/><D44/><U7/><E94/><V107/><F107/><W64/><G64/><T79/><D14/><U72/><E4/><V117/><F112/><W115/><G115/><T47/><D62/><U39/><E39/><V9/><F129/><W26/><REACH who="3" step="1"/><G101/><REACH who="3" ten="575,193,58,164" step="2"/><T54/><D54/><U29/><E114/><V68/><F68/><W38/><G38/><T55/><D55/><U111/><E111/><V34/><F34/><W113/><G113/><T42/><D47/><U32/><E32/><V133/><F36/><W70/><G70/><T18/><REACH who="0" step="1"/><D97/><REACH who="0" ten="565,193,58,164" step="2"/><U89/><E31/><V124/><F124/><W0/><G0/><T130/><D130/><U87/><E29/><V98/><F117/><W37/><G37/><T126/><D126/><U13/><E20/><V116/><F116/><W134/><G134/><T51/><D51/><AGARI ba="0,2" hai="2,6,10,24,26,27,51,52,59,84,85,90,95,99" machi="51" ten="40,8000,1" yaku="1,1,52,3,54,1,53,0" doraHai="21" doraHaiUra="78" who="3" fromWho="0" sc="565,-80,193,0,58,0,164,100" /><INIT seed="5,0,0,3,4,134" ten="485,193,58,264" oya="1" hai0="0,64,3,75,24,13,122,125,63,69,14,28,80" hai1="130,23,113,56,4,18,50,65,89,88,20,87,51" hai2="102,114,27,44,9,78,8,92,133,22,16,29,1" hai3="112,103,127,38,39,34,123,54,35,97,77,128,85"/><U110/><E113/><V10/><F133/><W66/><G123/><T58/><D122/><U17/><E130/><V117/><F117/><W36/><G112/><T48/><D125/><U116/><E116/><V60/><F114/><W68/><G128/><T91/><D13/><U45/><E4/><V72/><F72/><W105/><G127/><T57/><D14/><N who="1" m="9271" /><E110/><V30/><F78/><W98/><G54/><T131/><D69/><U86/><E65/><V11/><F44/><W55/><G55/><T41/><D64/><U129/><E129/><V62/><N who="2" m="2048" /><DORA hai="135" /><V82/><F82/><W67/><G67/><T111/><D75/><U81/><E56/><V40/><F40/><W99/><G97/><T118/><D58/><U115/><E45/><V71/><F1/><W83/><REACH who="3" step="1"/><G98/><REACH who="3" ten="485,193,58,254" step="2"/><T104/><D131/><U93/><E115/><V74/><F71/><W106/><G106/><T6/><D104/><U15/><AGARI ba="0,1" hai="15,18,23,50,51,81,86,87,88,89,93" m="9271" machi="15" ten="30,3000,0" yaku="8,1,54,1" doraHai="134,135" who="1" fromWho="1" sc="485,-10,193,40,58,-10,254,-10" /><INIT seed="5,1,0,0,5,130" ten="475,233,48,244" oya="1" hai0="69,29,114,67,112,21,40,25,58,111,42,102,54" hai1="9,133,1,41,31,43,101,87,121,5,75,7,94" hai2="129,27,124,32,119,38,127,44,73,6,45,61,26" hai3="35,117,106,122,57,134,92,2,85,116,98,123,34"/><U13/><E75/><V20/><F73/><W135/><G2/><T104/><D111/><U53/><E121/><N who="3" m="46090" /><G57/><T105/><D67/><U109/><E109/><V86/><F119/><N who="3" m="45643" /><G85/><T24/><D69/><U59/><E133/><N who="3" m="50698" /><G106/><T15/><D105/><U63/><E31/><V65/><F129/><W80/><G80/><T91/><D29/><U46/><E1/><V100/><F86/><W89/><AGARI ba="1,0" hai="34,35,89,92,98" m="50698,45643,46090" machi="89" ten="40,8000,1" yaku="12,1,20,1,52,3" doraHai="130" who="3" fromWho="3" sc="475,-21,233,-41,48,-21,244,83" /><INIT seed="6,0,0,5,4,35" ten="454,192,27,327" oya="2" hai0="78,7,68,101,110,109,105,104,121,97,47,84,72" hai1="57,117,8,71,91,53,106,5,54,77,73,27,3" hai2="24,25,93,32,83,103,34,111,123,92,29,100,15" hai3="63,10,115,119,102,69,58,122,44,55,135,116,130"/><V118/><F118/><W75/><G75/><T113/><D68/><U124/><E71/><V61/><F123/><W62/><G102/><T36/><D121/><U96/><E117/><V22/><F111/><W70/><G122/><T60/><D60/><U48/><E124/><V107/><F107/><W127/><G10/><T17/><D17/><U6/><E6/><V129/><F129/><W133/><G58/><T4/><D4/><U9/><E9/><V30/><F83/><W89/><G89/><T41/><D105/><U114/><E114/><V56/><F15/><W98/><G98/><T42/><D42/><U88/><E27/><V79/><F79/><W49/><G49/><T40/><D113/><U2/><E2/><V21/><REACH who="2" step="1"/><F56/><REACH who="2" ten="454,192,17,327" step="2"/><W87/><G115/><T132/><D78/><U16/><E57/><V11/><F11/><W13/><G13/><T14/><D110/><U19/><E8/><V76/><F76/><W23/><G130/><T99/><D109/><U82/><E82/><V43/><F43/><W1/><G69/><T33/><D40/><U108/><E77/><V51/><F51/><W18/><G70/><T38/><D14/><U46/><E48/><V28/><F28/><W125/><G119/><T131/><D131/><U65/><E106/><V95/><F95/><W37/><G116/><T85/><D104/><U50/><E50/><V0/><F0/><W26/><G1/><T128/><D41/><U90/><E3/><V80/><F80/><W52/><G127/><T45/><D128/><U31/><E108/><V86/><F86/><W59/><G87/><RYUUKYOKU ba="0,1" sc="454,-10,192,-10,17,30,327,-10" hai2="21,22,24,25,29,30,32,34,61,92,93,100,103" /><INIT seed="6,1,1,5,5,77" ten="444,182,47,317" oya="2" hai0="74,92,8,2,83,88,86,52,32,93,90,34,80" hai1="128,135,12,94,44,79,102,72,134,63,125,84,108" hai2="9,35,10,97,112,113,133,82,107,0,81,59,62" hai3="53,33,16,106,24,122,41,40,109,3,64,105,100"/><V60/><F35/><W115/><G109/><T28/><D74/><U39/><E108/><V57/><F97/><W54/><G122/><T132/><D132/><N who="1" m="50731" /><E128/><V15/><F133/><W110/><G110/><T21/><D21/><U95/><E72/><V76/><F76/><W49/><G3/><T120/><D120/><U7/><E125/><V68/><F68/><W50/><G64/><T14/><D2/><U87/><E63/><N who="2" m="24107" /><F107/><W26/><G115/><N who="2" m="44105" /><F0/><W47/><G33/><T31/><D52/><U121/><E121/><V43/><F43/><W75/><G75/><T78/><D78/><U55/><E102/><V37/><F37/><W91/><G91/><T30/><D34/><U19/><E7/><N who="2" m="3519" /><F10/><W71/><G71/><T103/><D103/><U99/><E79/><V23/><F23/><W65/><G100/><T48/><D48/><N who="1" m="29063" /><E39/><V114/><N who="2" m="44113" /><V13/><DORA hai="1" /><F13/><W20/><G26/><T116/><D116/><U11/><E99/><V111/><F111/><W130/><G130/><T5/><D32/><U45/><E11/><V118/><F118/><W131/><G131/><T129/><D129/><U22/><E87/><AGARI ba="1,1" hai="5,8,14,28,30,31,80,83,86,87,88,90,92,93" machi="87" ten="40,12000,2" yaku="9,1,8,1,52,3,54,1" doraHai="77,1" who="0" fromWho="1" sc="444,133,182,-123,47,0,317,0" /><INIT seed="7,0,0,5,2,36" ten="577,59,47,317" oya="3" hai0="13,79,96,43,118,30,106,48,87,98,133,1,27" hai1="67,107,25,129,84,81,7,126,3,135,17,116,109" hai2="93,131,76,66,124,70,49,8,110,101,121,64,82" hai3="28,41,55,14,9,58,132,11,69,21,89,0,130"/><W77/><G69/><T63/><D1/><U54/><E109/><V60/><F110/><W56/><G132/><T83/><D118/><U31/><E107/><V97/><F124/><W16/><G130/><T12/><D133/><U15/><E67/><V51/><F131/><W120/><G120/><T134/><D134/><U26/><E135/><V5/><F66/><W47/><G77/><T119/><D63/><U122/><E129/><V108/><F121/><W100/><G100/><T94/><D106/><U53/><E122/><V86/><REACH who="2" step="1"/><F108/><REACH who="2" ten="577,59,37,317" step="2"/><W117/><G117/><T92/><D119/><U46/><E126/><V45/><F45/><W114/><G114/><T73/><D73/><U72/><E116/><V50/><F50/><N who="3" m="26991" /><G0/><AGARI ba="0,1" hai="0,5,8,49,51,60,64,70,76,82,86,93,97,101" machi="0" ten="30,2000,0" yaku="1,1,7,1,53,0" doraHai="36" doraHaiUra="115" who="2" fromWho="3" sc="577,0,59,0,37,30,317,-20" owari="577,67.7,59,-44.1,67,-33.3,297,9.7" /></mjloggm>