<mjloggm ver="2.3"><GO type="169" lobby="0"/><UN n0="%E6%99%AE%E9%9C%B2%E9%9C%B2" n1="%73%65%69%67%65%6E" n2="%E5%BE%B3%E4%B9%83%E7%A5%9E" n3="%E3%81%B3%E3%82%8A%E3%81%B3%E3%82%8A%E2%98%86%E3%83%93%E3%83%AA%E3%83%BC" dan="16,16,17,16" rate="2158.47,2052.39,2163.71,2164.36" sx="M,M,M,M"/><TAIKYOKU oya="0"/><INIT seed="0,0,0,4,0,47" ten="250,250,250,250" oya="0" hai0="102,134,0,115,9,28,52,98,35,64,15,100,10" hai1="42,126,62,54,48,135,49,120,81,95,67,14,83" hai2="31,22,43,61,74,112,80,118,96,39,127,32,11" hai3="13,78,131,45,46,21,1,89,55,119,87,91,101"/><T93/><D115/><U12/><E126/><V34/><F112/><W6/><G119/><T2/><D134/><U108/><E108/><V111/><F111/><W103/><G131/><T113/><D113/><U90/><E135/><V27/><F127/><W110/><G110/><T20/><D64/><U77/><E120/><V128/><F128/><W123/><G1/><T29/><D102/><U75/><E83/><V63/><F118/><W82/><G46/><T68/><D68/><U86/><E42/><V116/><F96/><W71/><G71/><T16/><D2/><U65/><E65/><V114/><F43/><W8/><G123/><T66/><D66/><U105/><E105/><V94/><F94/><W4/><G4/><T50/><D0/><U3/><E3/><V85/><F74/><W26/><G103/><T125/><D125/><U121/><E121/><V18/><F39/><W57/><G45/><N who="0" m="27727" /><D35/><U107/><E107/><V7/><F116/><W124/><G101/><T17/><D9/><U97/><E75/><V129/><F34/><W30/><REACH who="3" step="1"/><G124/><REACH who="3" ten="250,250,250,240" step="2"/><T5/><D5/><U104/><E104/><V59/><F129/><W33/><G33/><T40/><D40/><U70/><REACH who="1" step="1"/><E48/><AGARI ba="0,1" hai="6,8,13,21,26,30,48,55,57,78,82,87,89,91" machi="48" ten="30,7700,0" yaku="1,1,7,1,8,1,52,1,53,0" doraHai="47" doraHaiUra="60" who="3" fromWho="1" sc="250,0,250,-77,250,0,240,87" /><INIT seed="1,0,0,3,2,6" ten="250,173,250,327" oya="1" hai0="73,111,120,57,74,29,128,70,69,44,27,36,42" hai1="4,112,20,99,24,18,124,45,59,79,115,93,118" hai2="125,89,76,26,63,30,56,25,40,19,86,95,46" hai3="127,98,37,90,7,101,109,133,85,28,1,129,100"/><U65/><E118/><V94/><F125/><W50/><G37/><T88/><D111/><U23/><E124/><V77/><F94/><W8/><G127/><T12/><D128/><U72/><E72/><V58/><F19/><W68/><G68/><T107/><D107/><U11/><E79/><V131/><F26/><W49/><G109/><T105/><D105/><U51/><E23/><V75/><F131/><W102/><G129/><T135/><D135/><U122/><E122/><V119/><F119/><W9/><G133/><T53/><D120/><U41/><E65/><V108/><F75/><W32/><G98/><T82/><D12/><U78/><E78/><V21/><F58/><W91/><G91/><T67/><D67/><U0/><REACH who="1" step="1"/><E59/><REACH who="1" ten="250,163,250,327" step="2"/><V134/><F134/><W43/><G32/><T106/><D74/><U5/><E5/><V33/><F33/><W83/><G28/><T126/><D73/><U130/><E130/><V55/><REACH who="2" step="1"/><F108/><REACH who="2" ten="250,163,240,327" step="2"/><W17/><G7/><T113/><D126/><U60/><E60/><V22/><F22/><W2/><G17/><T97/><D70/><U80/><E80/><V3/><F3/><W96/><G2/><T48/><D69/><U103/><AGARI ba="0,2" hai="0,4,11,18,20,24,41,45,51,93,99,103,112,115" machi="103" ten="20,12000,1" yaku="1,1,0,1,7,1,52,1,53,1" doraHai="6" doraHaiUra="13" who="1" fromWho="1" sc="250,-40,163,140,240,-40,327,-40" /><INIT seed="1,1,0,4,5,13" ten="210,303,200,287" oya="1" hai0="17,53,90,131,15,118,27,50,62,41,10,127,96" hai1="72,64,3,100,134,44,78,46,36,37,9,123,18" hai2="29,120,74,30,51,65,135,23,106,11,35,83,33" hai3="99,40,115,108,67,93,107,14,111,69,4,28,110"/><U77/><E123/><V6/><F106/><W24/><G115/><T22/><D118/><U58/><E100/><V75/><F65/><W47/><G107/><T88/><D127/><U70/><E70/><V1/><F120/><W68/><G67/><T102/><D41/><U121/><E121/><V31/><F135/><W56/><G56/><T87/><D62/><N who="1" m="37975" /><E3/><V20/><F51/><N who="3" m="27111" /><G14/><T25/><D131/><U61/><E72/><V85/><F85/><W126/><G4/><T60/><D60/><U26/><E37/><V12/><F83/><W19/><G19/><T45/><D87/><U104/><E36/><V119/><F119/><W117/><G126/><T79/><D79/><N who="1" m="30219" /><E104/><V124/><F124/><W71/><G117/><T97/><D27/><U63/><E134/><V95/><F95/><W133/><G133/><T66/><D66/><U7/><E7/><N who="2" m="3199" /><F75/><W52/><G71/><T42/><D42/><U32/><E32/><N who="2" m="12363" /><F74/><W59/><G69/><T16/><REACH who="0" step="1"/><D97/><REACH who="0" ten="200,303,200,287" step="2"/><U76/><E76/><V80/><F80/><W113/><G99/><T94/><AGARI ba="1,1" hai="10,15,16,17,22,25,45,50,53,88,90,94,96,102" machi="94" ten="20,16000,3" yaku="1,1,2,1,0,1,7,1,8,1,52,2,54,2,53,0" doraHai="13" doraHaiUra="34" who="0" fromWho="0" sc="200,173,303,-81,200,-41,287,-41" /><INIT seed="2,0,0,1,0,37" ten="373,222,159,246" oya="2" hai0="68,44,39,81,24,21,123,88,75,135,49,55,50" hai1="53,85,29,42,10,27,96,129,13,3,12,58,22" hai2="16,38,109,93,84,73,67,90,114,59,98,28,125" hai3="100,15,65,1,32,30,61,86,54,126,25,63,112"/><V97/><F114/><W99/><G1/><T94/><D123/><U110/><E110/><V76/><F125/><W124/><G112/><T103/><D68/><U89/><E129/><V60/><F109/><W113/><G113/><T91/><D135/><U80/><E3/><V104/><F28/><W52/><G86/><T72/><D39/><U66/><E66/><V5/><F5/><W122/><G15/><T26/><D103/><U107/><E107/><V23/><F38/><W17/><G17/><T95/><D81/><U128/><E128/><V62/><F104/><N who="3" m="63519" /><G122/><T18/><D26/><U120/><E120/><V4/><F4/><W83/><G83/><T46/><D75/><U14/><E96/><V11/><F11/><W7/><G7/><T9/><D72/><U78/><E42/><V87/><F73/><W127/><G63/><T82/><D9/><U40/><E40/><V74/><F74/><W70/><AGARI ba="0,0" hai="25,30,32,52,54,61,65,70,124,126,127" m="63519" machi="70" ten="30,4000,0" yaku="25,1,18,1,54,1" doraHai="37" who="3" fromWho="3" sc="373,-10,222,-10,159,-20,246,40" /><INIT seed="3,0,0,2,0,81" ten="363,212,139,286" oya="3" hai0="46,11,51,20,108,70,95,9,52,130,102,80,127" hai1="24,84,71,0,37,53,86,43,22,25,126,47,50" hai2="114,72,135,58,104,125,121,44,119,48,101,92,103" hai3="3,132,105,117,128,73,38,35,67,62,116,31,49"/><W55/><G73/><T122/><D122/><U133/><E0/><V99/><F114/><W26/><G3/><T12/><D70/><U106/><E106/><V13/><F119/><W68/><G128/><T89/><D130/><U34/><E133/><V56/><F121/><W27/><G132/><T16/><D108/><U107/><E107/><V79/><F135/><W15/><G38/><T41/><D127/><U14/><E126/><V63/><F125/><W65/><G65/><T36/><D102/><U91/><E71/><V19/><F72/><W8/><G27/><T97/><REACH who="0" step="1"/><D80/><REACH who="0" ten="353,212,139,286" step="2"/><U109/><E109/><V17/><F103/><W23/><G105/><T82/><D82/><U83/><E34/><V131/><F131/><W28/><G35/><T85/><D85/><U18/><REACH who="1" step="1"/><E84/><REACH who="1" ten="353,202,139,286" step="2"/><V45/><F104/><W74/><G74/><T57/><AGARI ba="0,2" hai="9,11,12,16,20,36,41,46,51,52,57,89,95,97" machi="57" ten="20,8000,1" yaku="1,1,0,1,7,1,54,2,53,0" doraHai="81" doraHaiUra="32" who="0" fromWho="0" sc="353,100,202,-20,139,-20,286,-40" /><INIT seed="4,0,0,2,4,20" ten="453,182,119,246" oya="0" hai0="75,132,126,42,133,59,89,90,65,39,3,71,4" hai1="73,98,13,25,72,41,79,74,101,12,106,18,33" hai2="29,85,94,127,112,38,131,6,123,32,118,37,114" hai3="128,35,76,23,120,78,102,113,26,116,24,28,56"/><T11/><D75/><U46/><E79/><V93/><F6/><W81/><G116/><T34/><D34/><U107/><E107/><V1/><F1/><W86/><G113/><N who="2" m="43625" /><F123/><W83/><G120/><T61/><D126/><U54/><E54/><V84/><F29/><W92/><G128/><T45/><REACH who="0" step="1"/><D71/><REACH who="0" ten="443,182,119,246" step="2"/><U60/><E33/><V58/><F32/><W9/><G35/><T134/><AGARI ba="0,1" hai="3,4,11,39,42,45,59,61,65,89,90,132,133,134" machi="134" ten="30,11700,0" yaku="1,1,2,1,0,1,20,1,53,0" doraHai="20" doraHaiUra="109" who="0" fromWho="0" sc="443,127,182,-39,119,-39,246,-39" /><INIT seed="4,1,0,5,5,112" ten="570,143,80,207" oya="0" hai0="8,125,81,89,45,90,66,91,46,82,100,99,4" hai1="58,11,76,42,106,74,9,52,34,30,23,87,12" hai2="107,63,109,26,55,117,67,15,102,33,123,77,121" hai3="21,32,108,35,118,0,53,22,96,134,6,60,92"/><T95/><D125/><U114/><E106/><V103/><F109/><W85/><G108/><T37/><D66/><U1/><E114/><V84/><F55/><W61/><G134/><T28/><D28/><U129/><E129/><V130/><F130/><W120/><G85/><T126/><D126/><U116/><E116/><V73/><F84/><W80/><G80/><T56/><D56/><U48/><E74/><V127/><F15/><W16/><G118/><T110/><D110/><U20/><E1/><V51/><F51/><W62/><G120/><T43/><REACH who="0" step="1"/><D46/><REACH who="0" ten="560,143,80,207" step="2"/><U40/><E58/><V2/><F127/><W124/><G124/><T64/><D64/><U104/><E30/><V38/><F67/><W10/><G35/><T36/><D36/><U132/><E34/><V19/><F38/><W44/><G32/><T47/><D47/><U5/><E132/><V97/><F33/><W59/><G44/><T128/><D128/><U131/><E131/><V13/><F117/><W65/><G65/><T41/><D41/><U119/><E40/><V135/><F135/><W133/><G133/><T78/><D78/><U111/><E76/><V31/><F123/><W86/><G59/><T75/><D75/><U24/><E42/><V68/><F77/><W94/><G53/><T49/><D49/><U54/><E52/><V57/><F73/><W3/><G62/><T93/><D93/><U50/><E54/><V83/><F121/><W115/><G61/><T18/><D18/><U69/><E50/><V25/><F63/><W7/><G60/><T122/><D122/><U14/><E48/><RYUUKYOKU ba="1,1" sc="560,30,143,-10,80,-10,207,-10" hai0="4,8,37,43,45,81,82,89,90,91,95,99,100" /><INIT seed="4,2,1,2,0,45" ten="590,133,70,197" oya="0" hai0="72,3,38,73,130,118,128,71,129,70,20,33,26" hai1="78,28,18,56,67,69,80,135,58,59,22,25,9" hai2="82,74,122,131,108,98,110,77,107,64,41,125,46" hai3="99,32,83,10,36,52,53,21,113,4,7,8,100"/><T19/><D38/><U60/><E135/><V86/><F122/><W27/><G36/><T49/><D118/><U121/><E121/><V95/><F64/><W106/><G32/><T116/><D116/><U89/><E89/><N who="2" m="53687" /><F46/><W101/><G113/><T126/><D126/><U91/><E91/><V66/><F66/><W90/><G101/><T115/><D115/><U30/><REACH who="1" step="1"/><E9/><REACH who="1" ten="590,123,70,197" step="2"/><V35/><F125/><W104/><G90/><T54/><D128/><U62/><E62/><V92/><F131/><W97/><G100/><T102/><D102/><U65/><E65/><V14/><F108/><W55/><G10/><T13/><D130/><U0/><E0/><V81/><F110/><W109/><G109/><T132/><D3/><U34/><E34/><V88/><F35/><W57/><G8/><T114/><D33/><U134/><E134/><V40/><F88/><W105/><G83/><T43/><D132/><U48/><E48/><V39/><F82/><W61/><G61/><T124/><D49/><U63/><E63/><V75/><F39/><W119/><G119/><T24/><D129/><U120/><E120/><V96/><F81/><W6/><REACH who="3" step="1"/><G57/><REACH who="3" ten="590,123,70,187" step="2"/><T76/><D114/><U15/><E15/><V93/><F14/><W5/><N who="3" m="1024" /><DORA hai="111" /><W84/><G84/><AGARI ba="2,3" hai="18,22,25,28,30,56,58,59,60,67,69,78,80,84" machi="84" ten="40,1300,0" yaku="1,1,53,0" doraHai="45,111" doraHaiUra="87,50" who="1" fromWho="3" sc="590,0,123,49,70,0,187,-19" /><INIT seed="5,0,0,2,5,59" ten="590,172,70,168" oya="1" hai0="77,118,66,131,88,20,27,83,73,53,84,130,71" hai1="54,12,68,14,106,15,5,60,16,125,135,11,120" hai2="39,93,117,25,78,65,126,127,132,124,35,1,49" hai3="97,86,113,102,56,105,46,62,80,114,70,23,79"/><U89/><E120/><V7/><F117/><W67/><G46/><T21/><D118/><U72/><E135/><V43/><F49/><W37/><G37/><T50/><D66/><U17/><E125/><V8/><F93/><W94/><G70/><T134/><D71/><U2/><E72/><V122/><F78/><W9/><G9/><T42/><D42/><U116/><E106/><V36/><F122/><W63/><G63/><T119/><D134/><U45/><E116/><V34/><F132/><W29/><G105/><T24/><D20/><U100/><E100/><V55/><F55/><W76/><G76/><T19/><D27/><AGARI ba="0,0" hai="23,27,29,56,62,67,79,80,86,94,97,102,113,114" machi="27" ten="40,5200,0" yaku="25,2,52,1" doraHai="59" who="3" fromWho="0" sc="590,-52,172,0,70,0,168,52" /><INIT seed="6,0,0,3,0,38" ten="538,172,70,220" oya="2" hai0="26,34,112,54,100,111,98,118,18,89,114,33,51" hai1="88,45,22,96,13,63,99,2,39,135,131,46,17" hai2="90,125,127,37,104,50,65,97,64,76,56,115,48" hai3="105,84,128,94,73,4,122,40,113,123,44,72,11"/><V16/><F37/><W134/><G105/><T53/><D111/><U6/><E131/><V83/><F115/><W129/><G113/><N who="0" m="43627" /><D89/><U102/><E135/><V80/><F104/><W91/><G134/><T9/><D54/><U52/><E2/><V1/><F1/><W101/><G101/><T93/><D118/><U120/><E120/><V116/><F116/><W106/><G106/><T66/><D66/><U61/><E6/><V119/><F119/><W74/><G123/><T3/><D26/><U27/><E102/><V36/><F36/><W117/><G117/><T57/><D18/><U103/><E103/><V69/><F69/><W126/><G126/><N who="2" m="48137" /><F16/><W110/><G110/><T132/><D132/><U130/><E130/><N who="3" m="50282" /><G122/><T30/><D30/><U12/><E39/><V29/><F29/><W21/><G21/><T85/><D85/><U5/><E99/><V79/><F97/><W109/><G109/><T25/><D25/><U41/><E27/><V121/><F90/><W124/><G124/><T92/><D92/><U55/><E88/><V24/><F24/><W43/><G44/><T14/><D14/><AGARI ba="0,0" hai="4,11,14,40,43,72,73,74,84,91,94" m="50282" machi="14" ten="40,5200,0" yaku="19,1,52,2" doraHai="38" who="3" fromWho="0" sc="538,-52,172,0,70,0,220,52" /><INIT seed="7,0,0,5,5,128" ten="486,172,70,272" oya="3" hai0="15,17,116,112,33,98,107,113,68,5,99,26,43" hai1="46,65,84,129,127,81,80,28,104,77,110,132,103" hai2="7,49,85,35,16,89,59,122,44,20,55,125,114" hai3="74,4,25,18,38,135,2,72,117,87,11,119,54"/><W50/><G38/><T126/><D68/><U41/><E110/><V6/><F114/><N who="0" m="44138" /><D107/><U61/><E129/><V69/><F35/><W101/><G101/><T133/><D133/><U86/><E127/><V12/><F125/><W51/><G87/><T22/><D126/><U62/><E132/><V66/><F122/><W40/><G40/><T82/><D116/><U37/><E28/><V14/><F69/><W91/><G91/><T10/><D43/><U48/><E104/><V58/><F58/><W60/><G60/><T78/><D33/><U34/><E103/><V90/><F90/><W108/><G108/><T102/><D102/><U115/><E34/><V106/><F106/><W109/><G109/><T47/><D47/><U73/><E115/><V24/><F24/><W131/><G131/><T19/><D19/><U23/><E73/><AGARI ba="0,0" hai="5,10,15,17,22,26,73,78,82,98,99" m="44138" machi="73" ten="30,2000,0" yaku="15,1,11,1" doraHai="128" who="0" fromWho="1" sc="486,20,172,-20,70,0,272,0" owari="506,60.6,152,-24.8,70,-43.0,272,7.2" /></mjloggm>