<mjloggm ver="2.3"><GO type="169" lobby="0"/><UN n0="%73%6F%61%6F" n1="%53%74%65%69%6E%73" n2="%E3%83%AC%E3%82%AA%E3%83%B3%E3%83%8F%E3%83%AB%E3%83%88" n3="%E4%BF%BA%E3%81%A7%E3%81%99" dan="16,17,17,16" rate="2131.61,2202.04,2190.32,2095.03" sx="M,M,M,M"/><TAIKYOKU oya="0"/><INIT seed="0,0,0,2,3,92" ten="250,250,250,250" oya="0" hai0="37,78,134,115,123,108,21,20,63,8,60,106,1" hai1="56,65,44,125,13,53,67,122,73,107,11,102,131" hai2="59,80,39,2,83,31,121,98,127,18,103,5,0" hai3="42,45,33,55,36,35,99,130,95,100,96,79,6"/><T46/><D115/><U14/><E122/><V116/><F121/><W64/><G130/><T82/><D123/><U89/><E131/><V124/><F39/><W128/><G128/><T88/><D134/><U129/><E129/><V90/><F116/><W17/><G64/><T12/><D106/><U75/><E125/><N who="2" m="48203" /><F31/><W110/><G110/><T66/><D1/><N who="2" m="618" /><F5/><W50/><G6/><T101/><D101/><U29/><E29/><V120/><F120/><W27/><G79/><T119/><D119/><U47/><E14/><V25/><F59/><W94/><G17/><T72/><D108/><U15/><E15/><V16/><F90/><W117/><G27/><T28/><D28/><U24/><E24/><V41/><F41/><W3/><G3/><T126/><D126/><U43/><E89/><V7/><F7/><W112/><G112/><T58/><D63/><U19/><E47/><V70/><F70/><W76/><G76/><T114/><D114/><U109/><E109/><V105/><F18/><W81/><G81/><T87/><D46/><U71/><E71/><V133/><F133/><W10/><G117/><T91/><D37/><U135/><E135/><V86/><F86/><W97/><G100/><T48/><D91/><U62/><E75/><V38/><F38/><W77/><G77/><T57/><D57/><U9/><E73/><V51/><F51/><W118/><G118/><T111/><D48/><N who="1" m="26655" /><E9/><V52/><F52/><W22/><G10/><T26/><D111/><U32/><E32/><N who="3" m="12362" /><G22/><AGARI ba="0,0" hai="16,22,25,80,83,98,103,105" m="618,48203" machi="22" ten="30,3900,0" yaku="18,1,52,1,54,1" doraHai="92" who="2" fromWho="3" sc="250,0,250,0,250,39,250,-39" /><INIT seed="1,0,0,3,3,28" ten="250,250,289,211" oya="1" hai0="117,76,19,74,29,40,11,7,84,106,120,5,87" hai1="99,101,128,35,118,130,15,108,59,56,135,60,53" hai2="116,79,98,125,132,131,36,12,39,67,0,81,89" hai3="85,50,66,13,102,42,3,20,25,68,93,10,52"/><U77/><E118/><V83/><F0/><W48/><G3/><T109/><D106/><U119/><E119/><V9/><F116/><W124/><G124/><T65/><D117/><U63/><E135/><V57/><F125/><W61/><G42/><T46/><D120/><U6/><E77/><V104/><F132/><W18/><G48/><T33/><D65/><U78/><E78/><V32/><F131/><N who="1" m="50217" /><E108/><V134/><F134/><W112/><G112/><T58/><D58/><U107/><E35/><V91/><F32/><W41/><G41/><T103/><D103/><U96/><E96/><V38/><F98/><W34/><G102/><T115/><D33/><U123/><E123/><V43/><F43/><W23/><G34/><T72/><D76/><U121/><E121/><V129/><F104/><W51/><G51/><T4/><D115/><U26/><E26/><V49/><F129/><W127/><G127/><T55/><D109/><U82/><E82/><V100/><F100/><W70/><G25/><T94/><D87/><U17/><E6/><V21/><F83/><W114/><G114/><T24/><D84/><U69/><E69/><V86/><F79/><W62/><G70/><T37/><D4/><U71/><E71/><V2/><F81/><W111/><G111/><T8/><D5/><U31/><E31/><V92/><F86/><W1/><G1/><T22/><D7/><U75/><E75/><V16/><F2/><W64/><G85/><T44/><D72/><U47/><E47/><V133/><F133/><W105/><G68/><T126/><D74/><U30/><E101/><RYUUKYOKU ba="0,0" sc="250,0,250,0,289,0,211,0" /><INIT seed="2,1,0,0,3,115" ten="250,250,289,211" oya="2" hai0="52,12,124,0,127,2,110,80,95,29,86,131,39" hai1="32,92,44,97,4,53,67,25,71,34,64,111,94" hai2="17,21,104,105,129,38,40,8,78,77,116,125,69" hai3="61,114,98,54,128,45,33,96,118,62,75,130,66"/><V55/><F129/><N who="3" m="49771" /><G75/><T37/><D131/><U19/><E111/><V59/><F125/><W46/><G33/><T120/><D120/><U109/><E109/><V117/><F69/><N who="3" m="42191" /><G114/><T18/><D29/><U65/><E71/><V81/><F8/><W79/><G79/><T43/><D110/><U91/><E4/><V48/><F40/><W108/><G108/><T15/><D95/><U47/><E34/><V23/><F38/><W58/><G98/><T106/><D106/><U132/><E132/><V83/><F77/><W76/><G96/><T135/><D135/><U20/><E32/><V119/><F23/><W49/><G76/><T56/><D15/><U72/><E72/><V122/><F122/><W5/><G5/><T112/><D112/><U42/><E42/><V1/><F1/><W73/><G73/><T50/><D0/><U7/><E7/><V16/><F17/><W100/><G100/><T82/><D2/><U28/><E94/><V27/><REACH who="2" step="1"/><F78/><REACH who="2" ten="250,250,279,211" step="2"/><W22/><G22/><T26/><D124/><U123/><E123/><V35/><F35/><W102/><G102/><T36/><D127/><U107/><E19/><V85/><F85/><W3/><G3/><T134/><D86/><U93/><E20/><V6/><F6/><W51/><G118/><T121/><D18/><U113/><E113/><V24/><F24/><W99/><G99/><T13/><D26/><U31/><E97/><V74/><F74/><W70/><G70/><T10/><D121/><U103/><E25/><V9/><F9/><W101/><G101/><T68/><D10/><U11/><E103/><RYUUKYOKU ba="1,1" sc="250,-15,250,-15,279,15,211,15" hai2="16,21,27,48,55,59,81,83,104,105,116,117,119" hai3="45,46,49,51,54,58,62" /><INIT seed="2,2,1,3,2,56" ten="235,235,294,226" oya="2" hai0="132,96,57,65,70,61,114,112,81,84,37,103,31" hai1="34,1,26,106,113,77,72,0,18,79,128,13,115" hai2="42,5,101,22,6,89,52,35,4,64,17,10,7" hai3="69,55,48,62,90,94,100,29,41,73,95,134,111"/><V45/><F35/><W107/><G111/><T104/><D132/><U20/><E106/><V50/><F101/><W54/><G134/><T14/><D37/><U91/><E91/><V97/><F64/><W51/><G73/><T108/><D108/><U121/><E72/><V133/><F133/><W38/><G107/><T109/><D109/><U40/><E40/><V87/><F97/><W49/><G29/><T86/><D84/><U118/><E79/><V93/><F4/><W99/><G38/><T127/><D127/><U80/><E80/><V32/><F32/><W63/><G41/><T131/><D131/><U60/><E77/><V9/><REACH who="2" step="1"/><F42/><REACH who="2" ten="235,235,284,226" step="2"/><W123/><G123/><T105/><D114/><U83/><E34/><V59/><F59/><W47/><G69/><T98/><D112/><U124/><E121/><V135/><F135/><W102/><G102/><T129/><D96/><U43/><E43/><V110/><F110/><W15/><G47/><T116/><D98/><U130/><E115/><V67/><F67/><W76/><G100/><T3/><D103/><U66/><E66/><V30/><F30/><W120/><G120/><T126/><D57/><U8/><E113/><V33/><F33/><W82/><G99/><T125/><D65/><U119/><E130/><V16/><F16/><W71/><G71/><T44/><D70/><U12/><E18/><V74/><F74/><W28/><G28/><T68/><D31/><U122/><E128/><V24/><AGARI ba="2,2" hai="5,6,7,9,10,17,22,24,45,50,52,87,89,93" machi="24" ten="30,12000,1" yaku="1,1,0,1,8,1,54,1,53,1" doraHai="56" doraHaiUra="46" who="2" fromWho="2" sc="235,-42,235,-42,284,146,226,-42" /><INIT seed="2,3,0,4,3,125" ten="193,193,430,184" oya="2" hai0="127,47,109,52,35,70,122,3,20,58,0,63,25" hai1="14,65,28,121,78,36,30,60,114,130,104,81,53" hai2="91,44,99,69,37,101,106,74,46,76,64,57,18" hai3="26,117,87,13,49,15,29,86,96,133,108,48,82"/><V59/><F69/><W41/><G117/><T119/><D109/><U111/><E114/><V79/><F74/><W6/><G108/><T27/><D122/><U21/><E111/><V2/><F2/><W120/><G120/><T131/><D127/><U72/><E121/><V134/><F134/><W83/><G133/><T51/><D70/><U32/><E104/><V42/><F46/><W39/><G39/><T107/><D107/><U71/><E36/><V24/><F91/><W115/><G96/><T113/><D113/><U100/><E100/><V43/><F43/><W123/><G123/><T31/><D131/><U38/><E38/><V62/><REACH who="2" step="1"/><F57/><REACH who="2" ten="193,193,420,184" step="2"/><W128/><G41/><T73/><D73/><U19/><E71/><V77/><F77/><W8/><G115/><T67/><D119/><U98/><E78/><V34/><F34/><W17/><G128/><T88/><D88/><U92/><E32/><V23/><AGARI ba="3,1" hai="18,23,24,37,42,44,59,62,64,76,79,99,101,106" machi="23" ten="30,3000,0" yaku="1,1,0,1,53,0" doraHai="125" doraHaiUra="89" who="2" fromWho="2" sc="193,-13,193,-13,420,49,184,-13" /><INIT seed="2,4,0,1,2,70" ten="180,180,469,171" oya="2" hai0="14,108,134,37,106,111,72,80,7,76,63,58,121" hai1="46,8,103,20,13,19,15,109,90,129,114,2,60" hai2="4,33,120,88,17,131,27,91,23,12,123,1,41" hai3="81,75,21,35,45,68,47,61,59,83,0,94,85"/><V67/><F67/><W93/><G35/><T69/><D121/><U52/><E114/><V102/><F102/><W112/><G68/><T48/><D106/><U43/><E109/><V26/><F131/><W18/><G0/><T71/><D134/><U42/><E129/><V97/><F41/><W130/><G130/><T29/><D29/><U62/><E2/><V82/><F91/><W132/><G132/><T86/><D72/><U34/><E34/><V127/><F127/><W122/><G122/><T22/><D48/><N who="1" m="28695" /><E103/><V53/><F53/><W119/><G119/><T3/><D3/><U11/><E11/><N who="2" m="2447" /><F26/><W36/><G75/><T74/><D74/><U107/><E107/><V105/><F105/><W30/><G112/><T49/><D49/><U57/><E90/><V118/><F118/><W38/><G30/><T98/><D98/><U39/><E39/><V16/><F17/><W104/><G104/><T73/><D37/><U84/><E84/><N who="2" m="50199" /><F97/><W110/><G38/><T115/><D73/><U89/><E89/><V64/><F64/><W24/><G36/><T95/><D115/><U117/><E117/><V87/><F87/><W32/><G85/><T31/><D86/><U6/><E62/><V54/><F54/><AGARI ba="4,0" hai="6,8,13,15,19,20,42,43,54,57,60" m="28695" machi="54" ten="30,2000,0" yaku="8,1,54,1" doraHai="70" who="1" fromWho="2" sc="180,0,180,32,469,-32,171,0" /><INIT seed="3,0,0,5,2,78" ten="180,212,437,171" oya="3" hai0="88,77,123,15,90,73,38,124,26,117,126,133,94" hai1="36,129,10,85,104,96,25,40,57,119,131,112,101" hai2="95,86,29,116,61,45,99,66,51,1,43,13,76" hai3="122,75,63,69,12,55,7,60,89,83,16,127,67"/><W93/><G122/><T47/><D117/><U31/><E112/><V65/><F1/><W107/><G107/><T72/><D123/><U54/><E119/><V118/><F66/><W81/><G127/><N who="0" m="48683" /><D26/><U8/><E85/><V42/><F42/><W103/><G75/><T121/><D121/><U120/><E120/><V18/><F29/><W92/><G7/><T80/><D15/><U130/><E40/><V100/><F86/><W21/><G103/><T22/><D22/><N who="1" m="15799" /><E36/><V71/><F76/><W58/><REACH who="3" step="1"/><G93/><REACH who="3" ten="180,212,437,161" step="2"/><T91/><D72/><U62/><AGARI ba="0,1" hai="8,10,54,57,62,96,101,104,129,130,131" m="15799" machi="62" ten="30,1100,0" yaku="19,1" doraHai="78" who="1" fromWho="1" sc="180,-3,212,21,437,-3,161,-5" /><INIT seed="4,0,0,5,4,70" ten="177,233,434,156" oya="0" hai0="110,13,58,83,4,59,119,121,39,85,46,22,40" hai1="67,42,43,17,112,133,71,48,64,6,131,127,25" hai2="116,21,16,95,130,35,5,12,86,47,57,0,81" hai3="11,20,132,24,134,51,113,41,52,99,38,56,78"/><T44/><D119/><U68/><E6/><V88/><F35/><W123/><G113/><T92/><D121/><U26/><E17/><V15/><F116/><W75/><G123/><T122/><D122/><U129/><E25/><V91/><F130/><N who="1" m="49673" /><E26/><V28/><F28/><W104/><G11/><T63/><D110/><U80/><E80/><V53/><F47/><N who="3" m="23991" /><G78/><T124/><D124/><U98/><E98/><N who="2" m="57727" /><F0/><W111/><G75/><T90/><D46/><N who="1" m="25687" /><E127/><V72/><F72/><W31/><G111/><T76/><D63/><U100/><E100/><V105/><F105/><W62/><G99/><T126/><D126/><U73/><E73/><V94/><F5/><W50/><G104/><T61/><D61/><U93/><E93/><V84/><F12/><W54/><G54/><T45/><D45/><U74/><E74/><V37/><F53/><W69/><G69/><N who="1" m="26698" /><E112/><V34/><F94/><W79/><G79/><T117/><D117/><U82/><E82/><V108/><F84/><W102/><G102/><T1/><D1/><U30/><E30/><V77/><F15/><W29/><G29/><T32/><D32/><U103/><E103/><V101/><F86/><W125/><G125/><T96/><D22/><U106/><E106/><V107/><F101/><W55/><G55/><T65/><D4/><U128/><E128/><V10/><F107/><W89/><G89/><T66/><D13/><U14/><E14/><V3/><F21/><W19/><G31/><T49/><D90/><U109/><E109/><V115/><F108/><W36/><G36/><T135/><D76/><U118/><E118/><RYUUKYOKU ba="0,0" sc="177,-10,233,-10,434,-10,156,30" hai3="19,20,24,50,51,52,56,62,132,134" /><INIT seed="5,1,0,3,4,124" ten="167,223,424,186" oya="1" hai0="37,25,85,56,101,78,88,94,122,104,57,91,115" hai1="90,48,75,102,4,81,32,130,67,125,20,14,99" hai2="97,129,105,52,7,30,26,53,18,2,3,16,134" hai3="9,126,28,107,1,10,135,95,133,33,64,80,71"/><U132/><E32/><V41/><F129/><W108/><G108/><T128/><D37/><U27/><E125/><V35/><F134/><N who="3" m="51211" /><G107/><T103/><D25/><U55/><E132/><V121/><F121/><W86/><G1/><T40/><D40/><U92/><E130/><V111/><F111/><W70/><G95/><T31/><D31/><U34/><E67/><V17/><F41/><W12/><G64/><T15/><D128/><U106/><E34/><V93/><F105/><W113/><G113/><T24/><D24/><U44/><E75/><V112/><F112/><W21/><G33/><T22/><D122/><U63/><E63/><V62/><F7/><W109/><G109/><T59/><D104/><U50/><E50/><V66/><F3/><W120/><G120/><T47/><D47/><U38/><E38/><V46/><F2/><W79/><G126/><T0/><D0/><U19/><E81/><V119/><F46/><W65/><G65/><T13/><D78/><U42/><E42/><V61/><F119/><W45/><G45/><T69/><D69/><N who="3" m="26121" /><G28/><T87/><D115/><U114/><E114/><V77/><F77/><W83/><G83/><T72/><D72/><U36/><E36/><V116/><F116/><W51/><G51/><T96/><D96/><U73/><E73/><V118/><F118/><W68/><G68/><T89/><D94/><U117/><E117/><V74/><F74/><W54/><G54/><N who="2" m="21097" /><F66/><W98/><G98/><T84/><D22/><U131/><E131/><V58/><F58/><W110/><G110/><T5/><D5/><U49/><E4/><RYUUKYOKU ba="1,0" sc="167,10,223,-30,424,10,186,10" hai0="13,15,56,57,59,84,85,87,88,89,91,101,103" hai2="16,17,18,26,30,35,61,62,93,97" hai3="9,10,12,21,79,80,86" /><INIT seed="6,2,0,1,2,48" ten="177,193,434,196" oya="2" hai0="57,28,104,17,60,50,103,19,11,40,109,3,68" hai1="134,86,54,98,91,124,99,97,73,9,77,118,21" hai2="66,110,6,84,115,93,18,27,83,72,80,16,135" hai3="56,76,67,87,20,70,52,36,75,107,32,111,102"/><V113/><F135/><W33/><G111/><T26/><D109/><U61/><E118/><V74/><F66/><W123/><G75/><T47/><D68/><U64/><E134/><V34/><F84/><W58/><G36/><T22/><D104/><U0/><E124/><V4/><F93/><W106/><G70/><T126/><D126/><U105/><E73/><V23/><F23/><W100/><G20/><T12/><D3/><U8/><E105/><V128/><F27/><W117/><G67/><T95/><D95/><U30/><E77/><V101/><F34/><W81/><G117/><T37/><D103/><U65/><E0/><V108/><F101/><W59/><G123/><T29/><REACH who="0" step="1"/><D37/><REACH who="0" ten="167,193,434,196" step="2"/><U129/><E129/><AGARI ba="2,1" hai="4,6,16,18,72,74,80,83,108,110,113,115,128,129" machi="129" ten="25,4800,0" yaku="22,2,54,1" doraHai="48" who="2" fromWho="1" sc="167,0,193,-54,434,64,196,0" /><INIT seed="6,3,0,5,4,77" ten="167,139,498,196" oya="2" hai0="39,40,13,19,102,1,10,12,97,84,26,28,41" hai1="31,64,111,109,33,66,132,118,125,133,89,94,81" hai2="105,70,29,121,86,135,21,120,90,57,87,62,2" hai3="76,117,88,108,116,79,3,27,53,92,106,63,52"/><V30/><F21/><W71/><G106/><T115/><D1/><U9/><E9/><V36/><F57/><W85/><G108/><N who="1" m="41546" /><E31/><V55/><F62/><W104/><G104/><T38/><D115/><U72/><E66/><V96/><F90/><W8/><G71/><T74/><D74/><U93/><E64/><V17/><F96/><W83/><G79/><T78/><D39/><U51/><E51/><V0/><F105/><W131/><G131/><T20/><D38/><U48/><E48/><V107/><F107/><W14/><G27/><T80/><D13/><U101/><E33/><V37/><F135/><N who="1" m="51785" /><E118/><V42/><F17/><W65/><G3/><T23/><D23/><U4/><E4/><V47/><F55/><W95/><G65/><T34/><D34/><U22/><E22/><V82/><F47/><W49/><G63/><T60/><D60/><U127/><E101/><V45/><F45/><W123/><G53/><T134/><D134/><U75/><E94/><AGARI ba="3,0" hai="10,12,19,20,26,28,40,41,78,80,84,94,97,102" machi="94" ten="30,3900,0" yaku="7,1,8,1,52,1" doraHai="77" who="0" fromWho="1" sc="167,48,139,-48,498,0,196,0" /><INIT seed="7,0,0,5,3,131" ten="215,91,498,196" oya="3" hai0="57,66,71,68,74,118,15,93,109,40,120,20,27" hai1="130,91,53,119,72,87,79,61,11,52,31,34,126" hai2="50,64,14,121,88,21,47,122,86,124,105,33,99" hai3="116,42,77,0,24,123,80,41,45,70,35,102,54"/><W108/><G116/><T12/><D74/><U22/><E130/><V94/><F33/><W56/><G70/><T73/><D73/><U114/><E114/><V76/><F64/><W97/><G0/><T75/><D109/><U92/><E126/><V129/><F129/><W43/><G123/><T30/><D75/><U17/><E119/><V96/><F124/><W32/><G108/><T18/><D40/><U133/><E34/><V115/><F76/><W67/><G67/><T6/><D6/><U28/><E72/><V101/><F115/><W5/><G5/><T89/><D12/><U103/><E79/><V84/><F21/><W23/><G45/><T62/><D120/><N who="2" m="46186" /><F14/><W26/><G26/><T104/><D104/><U125/><E125/><V3/><F3/><W46/><G77/><T16/><D18/><U29/><E103/><V107/><F107/><W7/><G7/><T69/><D69/><U4/><E133/><V127/><F127/><W98/><G80/><T51/><D51/><U113/><E113/><V111/><F111/><W8/><G46/><T19/><D19/><U38/><E38/><V2/><F2/><W63/><G97/><T36/><D36/><U37/><E37/><V90/><F90/><W48/><G48/><T132/><D132/><U9/><E4/><V58/><F58/><W135/><G135/><T39/><D39/><U13/><REACH who="1" step="1"/><E61/><REACH who="1" ten="215,81,498,196" step="2"/><V55/><AGARI ba="0,1" hai="47,50,55,84,86,88,94,96,99,101,105" m="46186" machi="55" ten="30,2000,0" yaku="13,1,54,1" doraHai="131" who="2" fromWho="2" sc="215,-5,81,-5,498,30,196,-10" owari="210,1.0,76,-42.4,528,62.8,186,-21.4" /></mjloggm>