<mjloggm ver="2.3"><GO type="169" lobby="0"/><UN n0="%E3%83%AC%E3%82%AA%E3%83%B3%E3%83%8F%E3%83%AB%E3%83%88" n1="%48%69%62%69%6B%69" n2="%75%6E%69%6D%61%72%75" n3="%E6%96%B0%E6%9C%88%E9%97%87%E9%9F%B3" dan="17,16,16,17" rate="2149.46,2122.13,2083.32,2205.05" sx="M,F,M,M"/><TAIKYOKU oya="0"/><INIT seed="0,0,0,0,0,43" ten="250,250,250,250" oya="0" hai0="126,18,107,92,79,131,12,60,62,116,36,102,121" hai1="115,25,77,31,124,55,35,105,44,83,47,15,68" hai2="45,42,81,1,22,3,72,20,82,127,7,75,30" hai3="118,48,13,52,135,114,14,133,27,117,123,95,112"/><T96/><D116/><N who="3" m="44649" /><G95/><T54/><D121/><U132/><E105/><V71/><F71/><W65/><G27/><T93/><D131/><U17/><E124/><V119/><F127/><W28/><G28/><T16/><D126/><U9/><E132/><N who="3" m="50762" /><G123/><T104/><D36/><U99/><E68/><V38/><F119/><W74/><G74/><T111/><D111/><U23/><E115/><N who="3" m="44074" /><G65/><T46/><D79/><U24/><E99/><V101/><F30/><W39/><G39/><T4/><D4/><U67/><E67/><V87/><F101/><W6/><G6/><T56/><D107/><U128/><E25/><V37/><F7/><W26/><G26/><T90/><D104/><U110/><E35/><V8/><F38/><W40/><G40/><T10/><D18/><U0/><E17/><V32/><F32/><W33/><G33/><T122/><D122/><U85/><E24/><V57/><F75/><W78/><G78/><T53/><D93/><U69/><E77/><V5/><F1/><W86/><G86/><T51/><D102/><U97/><E85/><V49/><F72/><W125/><G125/><T103/><D103/><U73/><E0/><V63/><F37/><W59/><AGARI ba="0,0" hai="13,14,48,52,59" m="44074,50762,44649" machi="59" ten="40,2700,0" yaku="20,1,54,1" doraHai="43" who="3" fromWho="3" sc="250,-13,250,-7,250,-7,250,27" /><INIT seed="1,0,0,1,0,115" ten="237,243,243,277" oya="1" hai0="69,28,11,85,119,87,93,43,38,84,72,113,16" hai1="91,9,30,92,23,56,125,130,15,40,46,123,111" hai2="105,65,44,62,2,122,71,99,47,80,14,116,59" hai3="135,13,108,88,0,107,21,68,53,58,36,73,12"/><U98/><E123/><V33/><F2/><W104/><G0/><T48/><D113/><U102/><E125/><V79/><F122/><W17/><G68/><T76/><D38/><U117/><E117/><V61/><F116/><W5/><G36/><T32/><D69/><U96/><E130/><V64/><F33/><W26/><G73/><T22/><D119/><U63/><E111/><V109/><F109/><W3/><G108/><T70/><D70/><U24/><E46/><V39/><F39/><W34/><G135/><T86/><D72/><U7/><E40/><V112/><F112/><W35/><G35/><T114/><D114/><U83/><E83/><V77/><F77/><W45/><G45/><N who="0" m="25663" /><D32/><U1/><E1/><V110/><F110/><W10/><G13/><N who="0" m="9487" /><D11/><U66/><REACH who="1" step="1"/><E96/><REACH who="1" ten="237,233,243,277" step="2"/><V67/><F99/><W25/><G3/><T103/><D76/><U120/><E120/><V4/><F79/><W127/><G127/><T100/><D28/><U106/><E106/><V132/><F80/><W131/><G131/><T94/><N who="0" m="21504" /><DORA hai="54" /><T42/><D42/><U20/><E20/><V128/><F105/><W90/><G107/><T118/><D118/><U27/><E27/><V129/><F129/><W29/><REACH who="3" step="1"/><G104/><REACH who="3" ten="237,233,243,267" step="2"/><T52/><D93/><U82/><E82/><V18/><F128/><W126/><G126/><T41/><D94/><U74/><E74/><V101/><F47/><W57/><G57/><T133/><D133/><U124/><E124/><V51/><F132/><W95/><G95/><T97/><D97/><U121/><E121/><V8/><F44/><W134/><G134/><RYUUKYOKU ba="0,2" sc="237,-15,233,15,243,-15,267,15" hai1="7,9,15,23,24,30,56,63,66,91,92,98,102" hai3="5,10,12,17,21,25,26,29,34,53,58,88,90" /><INIT seed="1,1,2,2,4,128" ten="222,248,228,282" oya="1" hai0="5,13,134,57,112,129,29,45,16,32,90,73,67" hai1="127,54,124,52,49,17,39,110,59,121,51,109,15" hai2="102,117,76,99,35,9,18,64,0,2,3,7,25" hai3="24,107,63,6,125,4,83,61,131,75,72,70,78"/><U37/><E17/><V42/><F117/><W84/><G107/><T55/><D112/><U104/><E15/><V82/><F42/><W95/><G131/><T103/><D129/><U106/><E106/><V114/><F64/><W47/><G125/><N who="1" m="48202" /><E104/><V28/><F114/><W111/><G111/><N who="1" m="42506" /><E121/><V115/><F115/><W21/><G47/><AGARI ba="1,2" hai="37,39,47,49,51,52,54,59" m="42506,48202" machi="47" ten="30,18000,2" yaku="18,1,14,1,10,1,34,2,54,1" doraHai="128" who="1" fromWho="3" sc="222,0,248,203,228,0,282,-183" /><INIT seed="1,2,0,4,2,54" ten="222,451,228,99" oya="1" hai0="47,130,102,52,12,63,3,45,104,134,31,75,68" hai1="18,92,127,121,80,21,58,122,46,77,61,14,55" hai2="66,110,98,78,120,7,132,60,10,114,15,36,20" hai3="53,111,118,22,108,48,125,32,2,119,65,73,109"/><U24/><E127/><V79/><F120/><W26/><G73/><T117/><D3/><U44/><E122/><V57/><F110/><N who="3" m="28163" /><W133/><DORA hai="49" /><G2/><T6/><D75/><U30/><E121/><V28/><F132/><W23/><G133/><T96/><D134/><U17/><E17/><V81/><F36/><W8/><G8/><T71/><D117/><N who="3" m="44553" /><G65/><T105/><D105/><U131/><E131/><V83/><F114/><W74/><G74/><T126/><D126/><U34/><E92/><V93/><F79/><W129/><G129/><T67/><D71/><U9/><E34/><V33/><F33/><W0/><G0/><T97/><D130/><U87/><AGARI ba="2,0" hai="9,14,18,21,24,30,44,46,55,58,61,77,80,87" machi="87" ten="20,12000,1" yaku="0,1,7,1,8,1,52,2" doraHai="54,49" who="1" fromWho="1" sc="222,-42,451,126,228,-42,99,-42" /><INIT seed="1,3,0,3,4,126" ten="180,577,186,57" oya="1" hai0="97,24,9,52,7,122,81,19,96,30,132,91,134" hai1="41,121,36,64,103,100,117,60,116,124,15,85,23" hai2="55,120,17,5,69,101,62,99,37,26,29,11,94" hai3="44,0,21,105,127,28,113,109,2,75,65,114,47"/><U53/><E121/><V92/><F37/><W22/><G75/><T18/><D122/><U71/><E124/><V80/><F120/><W50/><G127/><T27/><D81/><U118/><E85/><V66/><F80/><W45/><G105/><T1/><D52/><U35/><E35/><V76/><F76/><W25/><G109/><T78/><D78/><U16/><REACH who="1" step="1"/><E53/><REACH who="1" ten="180,567,186,57" step="2"/><V73/><F55/><W20/><G114/><T88/><D97/><U72/><E72/><V110/><F73/><W32/><G113/><T111/><D96/><U63/><E63/><V38/><F62/><W104/><G32/><T135/><D111/><U106/><E106/><V125/><F99/><W51/><G104/><T43/><D135/><U46/><AGARI ba="3,1" hai="15,16,23,36,41,46,60,64,71,100,103,116,117,118" machi="46" ten="40,12000,1" yaku="1,1,0,1,54,1,53,1" doraHai="126" doraHaiUra="10" who="1" fromWho="1" sc="180,-43,567,139,186,-43,57,-43" /><INIT seed="1,4,0,4,0,7" ten="137,706,143,14" oya="1" hai0="51,116,45,49,55,47,52,60,104,103,95,26,38" hai1="73,83,92,109,114,8,0,21,66,94,64,86,121" hai2="56,33,131,80,4,111,16,134,77,63,120,46,23" hai3="44,130,54,102,67,9,87,129,68,70,12,10,89"/><U101/><E121/><V3/><F120/><W25/><G102/><T88/><D116/><U48/><E114/><V118/><F118/><W71/><G67/><T37/><D60/><U75/><E75/><V13/><F111/><W78/><G78/><T36/><D26/><U82/><E109/><V127/><F127/><W113/><G113/><T20/><D20/><U22/><E73/><V15/><F33/><W31/><G12/><T28/><D28/><U42/><E83/><V125/><F125/><W62/><G62/><T53/><D103/><U105/><E105/><V39/><F131/><N who="3" m="50187" /><G54/><T122/><D104/><U84/><E64/><V69/><F69/><W126/><G44/><T14/><D14/><U58/><E66/><V65/><F134/><W34/><G126/><T61/><D61/><U18/><E101/><V132/><F132/><W43/><G43/><T108/><D108/><U98/><E42/><V32/><F32/><W119/><G119/><T107/><D107/><U110/><E110/><V50/><F13/><W85/><G85/><T79/><D79/><U59/><E84/><V74/><F3/><W30/><G31/><T11/><D55/><U57/><E0/><V99/><F99/><W40/><G40/><T76/><D76/><U100/><E98/><V123/><F123/><W19/><G19/><T24/><D122/><U97/><E97/><V135/><F135/><W93/><AGARI ba="4,0" hai="9,10,25,30,34,68,70,71,87,89,93" m="50187" machi="93" ten="40,5200,0" yaku="19,1,52,2" doraHai="7" who="3" fromWho="3" sc="137,-17,706,-30,143,-17,14,64" /><INIT seed="2,0,0,2,3,16" ten="120,676,126,78" oya="2" hai0="90,83,52,34,4,87,27,135,43,33,3,54,46" hai1="115,19,63,60,92,78,130,32,10,82,93,124,77" hai2="105,0,112,76,114,91,133,128,62,53,73,118,99" hai3="23,72,28,30,39,129,29,2,97,21,102,70,49"/><V20/><F0/><W107/><G39/><T45/><D135/><U88/><E115/><V44/><F118/><W42/><G72/><T8/><D46/><U122/><E32/><V56/><F133/><W74/><G74/><T25/><D34/><U96/><E124/><V35/><F35/><W1/><G70/><T11/><D11/><U40/><E130/><V15/><F128/><W85/><G129/><T110/><D110/><U13/><E122/><V31/><F73/><W71/><G71/><T126/><D126/><U26/><E40/><V61/><F76/><W57/><G85/><T106/><D106/><U127/><E127/><V12/><F105/><W9/><G9/><T84/><D84/><N who="1" m="48215" /><E77/><V5/><F44/><W41/><G1/><T101/><D101/><N who="1" m="60551" /><E26/><N who="2" m="16839" /><F112/><W65/><G2/><T113/><D113/><U89/><E89/><V80/><F5/><W6/><G6/><T104/><D104/><U24/><E24/><V131/><F131/><W68/><G68/><T134/><D25/><U117/><E117/><V58/><F114/><W81/><G81/><T116/><D116/><U69/><E69/><V100/><F100/><W79/><G79/><T94/><D83/><U109/><E109/><V47/><F80/><W120/><G120/><T86/><D134/><U108/><E108/><V48/><F91/><W38/><G38/><T119/><D119/><U59/><E59/><N who="2" m="22571" /><F99/><AGARI ba="0,0" hai="10,13,19,60,63,88,93,99" m="60551,48215" machi="99" ten="30,2000,0" yaku="8,1,54,1" doraHai="16" who="1" fromWho="2" sc="120,0,676,20,126,-20,78,0" /><INIT seed="3,0,0,4,4,94" ten="120,696,106,78" oya="3" hai0="0,20,103,80,66,102,77,110,35,21,98,28,47" hai1="107,2,59,122,44,124,85,68,26,29,10,8,99" hai2="43,74,40,23,95,58,12,34,117,54,24,79,19" hai3="93,65,86,67,15,101,41,5,46,9,61,11,109"/><W53/><G109/><T121/><D121/><U52/><E68/><V132/><F117/><W106/><G106/><T55/><D110/><U116/><E122/><V87/><F74/><W39/><G11/><T38/><D0/><U13/><E2/><V113/><F113/><W114/><G114/><T75/><D103/><U96/><E107/><V37/><F37/><W70/><G67/><T33/><D66/><U56/><E116/><V104/><F104/><W30/><G30/><T133/><D133/><U131/><E124/><V62/><F132/><W3/><G3/><T45/><D45/><U88/><E44/><V32/><F32/><W51/><G86/><T100/><D100/><U120/><E56/><V128/><F128/><W81/><G81/><T82/><D82/><N who="1" m="49207" /><E131/><V18/><F34/><W76/><G76/><T64/><D64/><U111/><E111/><V1/><F1/><W42/><REACH who="3" step="1"/><G39/><REACH who="3" ten="120,696,106,68" step="2"/><T84/><D84/><U14/><E8/><N who="2" m="6407" /><F95/><W57/><G57/><T125/><D28/><U115/><E115/><V127/><F127/><W112/><G112/><T129/><D125/><U6/><E120/><V7/><F7/><W126/><G126/><T16/><D38/><U63/><E10/><V108/><F108/><W119/><G119/><T92/><D80/><AGARI ba="0,1" hai="19,23,24,40,43,54,58,62,79,80,87" m="6407" machi="80" ten="30,1000,0" yaku="8,1" doraHai="94" who="2" fromWho="0" sc="120,-10,696,0,106,20,68,0" /><INIT seed="4,0,0,3,0,124" ten="110,696,126,68" oya="0" hai0="87,21,104,37,23,39,105,32,112,126,71,20,70" hai1="11,50,60,100,99,3,135,82,22,102,47,80,90" hai2="128,66,86,83,42,18,107,78,129,4,98,54,68" hai3="59,132,57,17,41,123,26,106,72,74,115,25,49"/><T52/><D126/><U134/><E102/><V9/><F42/><W76/><G106/><N who="0" m="41067" /><D87/><U120/><E120/><V46/><F18/><W6/><G6/><T88/><D88/><U84/><E60/><V111/><F111/><W89/><G89/><T95/><D52/><U122/><E122/><V53/><F107/><W43/><G49/><T119/><D95/><U85/><E22/><V125/><F125/><W79/><G17/><T33/><D119/><U7/><E99/><V30/><F30/><W73/><G123/><T96/><D96/><U116/><E100/><V93/><F68/><N who="0" m="26154" /><D112/><U108/><E116/><V31/><F66/><W101/><G101/><T34/><AGARI ba="0,0" hai="20,21,23,32,33,34,37,39" m="26154,41067" machi="34" ten="50,12000,1" yaku="28,2,26,2" doraHai="124" who="0" fromWho="0" sc="110,120,696,-40,126,-40,68,-40" /><INIT seed="4,1,0,5,5,81" ten="230,656,86,28" oya="0" hai0="5,102,37,108,74,112,64,100,22,95,71,119,52" hai1="61,45,39,2,57,117,24,107,29,101,47,43,124" hai2="41,84,51,134,87,9,90,120,18,58,132,86,73" hai3="49,3,103,75,54,12,11,30,50,111,42,65,7"/><T109/><D119/><U17/><E117/><V70/><F70/><W92/><G111/><N who="0" m="42571" /><D74/><U67/><E124/><V78/><F120/><W114/><G114/><T0/><D37/><U27/><E2/><V79/><F90/><W126/><G75/><T36/><D36/><U23/><E47/><N who="2" m="26095" /><F73/><W99/><G126/><T89/><D22/><U133/><E133/><N who="2" m="51307" /><F58/><W97/><G65/><T6/><D112/><U25/><E107/><V121/><F121/><W123/><G123/><T59/><D64/><U76/><E101/><N who="0" m="39017" /><D0/><U32/><E76/><V135/><F135/><W93/><G3/><T4/><D71/><U91/><E91/><V106/><F106/><W127/><G127/><T72/><D72/><U19/><E25/><V130/><F130/><W53/><G30/><AGARI ba="1,0" hai="17,19,23,24,27,29,30,32,39,43,45,57,61,67" machi="30" ten="30,1000,0" yaku="7,1" doraHai="81" who="1" fromWho="3" sc="230,0,656,13,86,0,28,-13" /><INIT seed="5,0,0,4,5,114" ten="230,669,86,15" oya="1" hai0="33,131,2,6,1,73,67,18,26,121,74,105,49" hai1="19,92,20,30,34,31,65,51,90,134,132,117,5" hai2="21,129,81,8,43,63,38,14,128,59,108,10,122" hai3="106,94,3,37,99,91,25,130,60,83,13,112,135"/><U29/><E117/><V126/><F108/><W82/><G3/><T84/><D105/><U78/><E78/><V70/><F70/><W80/><G37/><T32/><D67/><U42/><E65/><V103/><F122/><W16/><G112/><T28/><D49/><U48/><E34/><V58/><F126/><W71/><G130/><T53/><D84/><U56/><E5/><V72/><F103/><W118/><G135/><T102/><D53/><U120/><E120/><V109/><F109/><W119/><G25/><T89/><D89/><U76/><E76/><V110/><F110/><W11/><G106/><T98/><D98/><U12/><E42/><V125/><F59/><W47/><REACH who="3" step="1"/><G47/><REACH who="3" ten="230,669,86,5" step="2"/><T64/><D26/><U50/><E134/><V17/><F129/><W95/><G95/><T93/><D93/><U61/><E132/><V7/><F128/><W54/><G54/><T79/><D1/><U127/><E127/><V24/><F125/><W36/><G36/><T100/><D2/><U9/><E92/><V52/><F38/><W113/><G113/><T41/><D131/><U27/><E27/><V101/><F24/><W55/><G55/><T124/><D124/><U87/><E30/><V104/><F104/><W96/><G96/><T69/><D28/><U97/><E29/><V68/><F52/><W66/><AGARI ba="0,1" hai="11,13,16,60,66,71,80,82,83,91,94,99,118,119" machi="66" ten="30,12000,2" yaku="1,1,0,1,52,2,54,1,53,1" doraHai="114" doraHaiUra="88" who="3" fromWho="3" sc="230,-30,669,-60,86,-30,5,130" /><INIT seed="6,0,0,3,5,104" ten="200,609,56,135" oya="2" hai0="65,92,69,58,76,133,54,20,77,112,135,91,95" hai1="96,82,85,6,38,19,111,81,51,109,132,123,80" hai2="9,22,72,29,0,106,12,131,90,24,126,21,102" hai3="108,89,129,55,115,125,7,71,34,44,93,47,121"/><V10/><F106/><W103/><G108/><T2/><D112/><U50/><E38/><V14/><F102/><W16/><G121/><T53/><D2/><U63/><E123/><V130/><F90/><W1/><G71/><T79/><D69/><U33/><E33/><V84/><F84/><W124/><G34/><T8/><D8/><N who="2" m="3178" /><F72/><W73/><G7/><T35/><D35/><U128/><E6/><V78/><F78/><W110/><G1/><T86/><D20/><N who="2" m="7786" /><F0/><W119/><G110/><T15/><D95/><U107/><E85/><V67/><F67/><W36/><G103/><T26/><D65/><U64/><E107/><V127/><F24/><W87/><G47/><T62/><D26/><U97/><E64/><V56/><F56/><W39/><G89/><T37/><D37/><U11/><E109/><V101/><F101/><W42/><G87/><T49/><D79/><U30/><E111/><V27/><F27/><W43/><G93/><T28/><D77/><U41/><E81/><V122/><F122/><W118/><G44/><N who="0" m="27815" /><D76/><U60/><E82/><V70/><F70/><W113/><G55/><T3/><D3/><U57/><E80/><V114/><F114/><W25/><G25/><T99/><D86/><U74/><E57/><V48/><F48/><W88/><G88/><T105/><D105/><U4/><E50/><V120/><F120/><W46/><G46/><T32/><D91/><U134/><E51/><V98/><F98/><W17/><G73/><T100/><D99/><U5/><E96/><V52/><F52/><W23/><G39/><T117/><D54/><RYUUKYOKU ba="0,0" sc="200,0,609,0,56,0,135,0" /><INIT seed="7,1,0,1,4,90" ten="200,609,56,135" oya="3" hai0="70,20,121,45,16,82,64,100,29,119,122,27,26" hai1="58,56,89,28,98,32,83,36,62,53,31,95,87" hai2="55,101,14,106,103,9,41,6,42,112,99,109,50" hai3="35,60,102,86,126,71,107,134,92,22,130,1,34"/><W76/><G1/><T52/><D119/><U54/><E36/><V77/><F112/><W15/><G107/><T25/><D25/><U7/><E7/><V5/><F109/><W127/><G130/><T129/><D129/><U123/><E32/><V66/><F66/><N who="3" m="41415" /><G76/><T38/><D100/><N who="1" m="60511" /><E123/><V8/><F77/><W88/><G102/><T118/><D82/><U91/><E91/><V73/><F73/><W133/><G22/><T81/><D118/><U2/><E2/><V37/><F37/><W43/><G15/><T49/><D38/><U116/><E116/><V39/><F39/><W113/><G43/><T10/><D81/><U33/><E33/><N who="3" m="12298" /><G113/><T51/><D51/><AGARI ba="1,0" hai="28,31,51,53,54,56,58,62,83,87,89" m="60511" machi="51" ten="30,2000,0" yaku="8,1,52,1" doraHai="90" who="1" fromWho="0" sc="200,-23,609,23,56,0,135,0" owari="177,-2.3,632,73.2,56,-44.4,135,-26.5" /></mjloggm>