<mjloggm ver="2.3"><GO type="169" lobby="0"/><UN n0="%4D%4A%E6%9C%80%E5%BC%B7%E4%BD%8D" n1="%E3%82%A8%E3%82%B9%E3%82%B1%E3%83%BC%2E" n2="%E3%81%B2%E3%81%90%E3%81%A1" n3="%E5%8D%B5%E3%81%8B%E3%81%91%E6%B6%85%E6%A7%83" dan="17,17,16,16" rate="2201.20,2191.70,2149.50,2152.76" sx="M,M,M,M"/><TAIKYOKU oya="0"/><INIT seed="0,0,0,2,0,88" ten="250,250,250,250" oya="0" hai0="46,58,50,72,71,118,130,11,64,69,112,55,60" hai1="121,75,94,103,82,2,56,84,79,80,32,53,15" hai2="131,74,100,68,10,20,97,8,108,91,9,127,133" hai3="107,13,67,42,92,36,47,6,93,132,39,37,1"/><T54/><D72/><U27/><E2/><V49/><F108/><W89/><G107/><T45/><D11/><U61/><E121/><V83/><F127/><W44/><G132/><T99/><D99/><U40/><E40/><V34/><F34/><W12/><G67/><T77/><D77/><U59/><E15/><V76/><F68/><N who="0" m="26186" /><D112/><U63/><E32/><V90/><F131/><W48/><G89/><T31/><D31/><U110/><E27/><V85/><F133/><W29/><G29/><T113/><D113/><U102/><E110/><V38/><F38/><W104/><G104/><T115/><D115/><U135/><E135/><V73/><F91/><W57/><G57/><N who="0" m="36879" /><D118/><U7/><E7/><V65/><F65/><W70/><G70/><T52/><D130/><U124/><E124/><V98/><F49/><W122/><G122/><T19/><D19/><U86/><E75/><V5/><F5/><W109/><G109/><T66/><D45/><U134/><E134/><V126/><F126/><W106/><G106/><T24/><D24/><U4/><E4/><V101/><F20/><W96/><G96/><T87/><D87/><U78/><REACH who="1" step="1"/><E94/><REACH who="1" ten="250,240,250,250" step="2"/><V41/><F74/><W128/><G128/><T21/><D21/><U114/><E114/><V28/><F73/><W117/><G117/><T105/><D105/><U120/><E120/><V116/><F116/><W17/><G1/><T81/><D81/><U25/><E25/><V129/><F83/><W3/><G3/><T33/><D33/><U123/><E123/><V95/><F129/><W23/><G47/><T125/><D125/><RYUUKYOKU ba="0,1" sc="250,10,240,10,250,-30,250,10" hai0="46,50,52,54,55,58,66" hai1="53,56,59,61,63,78,79,80,82,84,86,102,103" hai3="6,12,13,17,23,36,37,39,42,44,48,92,93" /><INIT seed="0,1,1,1,3,48" ten="260,250,220,260" oya="0" hai0="81,92,33,105,85,51,119,39,90,49,76,77,74" hai1="135,116,71,10,84,127,82,122,67,29,87,104,93" hai2="96,101,130,62,3,133,25,4,59,32,27,113,100" hai3="53,95,118,132,63,43,124,120,110,94,128,99,31"/><T18/><D39/><U121/><E104/><V9/><F113/><W131/><G31/><T79/><D33/><U38/><E38/><V20/><F130/><W60/><G99/><T88/><D119/><U37/><E37/><V34/><F133/><W98/><G98/><T13/><D105/><U28/><E116/><V64/><F100/><W72/><G72/><T78/><REACH who="0" step="1"/><D90/><REACH who="0" ten="250,250,220,260" step="2"/><N who="1" m="53447" /><E121/><V14/><F34/><W50/><G118/><T89/><D89/><U97/><E122/><V68/><F32/><W126/><G120/><T19/><D19/><U54/><E28/><V15/><F68/><W66/><G132/><T102/><D102/><U73/><E29/><V21/><F101/><W106/><G106/><T7/><D7/><U129/><E71/><V0/><F4/><W117/><G117/><T115/><D115/><U65/><E135/><V1/><F96/><W70/><G70/><T75/><D75/><U40/><E73/><V108/><F108/><W109/><G109/><T5/><D5/><U44/><E97/><V52/><F0/><W6/><G110/><T47/><D47/><U56/><E44/><V83/><F1/><W23/><G6/><T55/><D55/><U24/><E54/><V107/><F52/><W125/><G53/><T8/><AGARI ba="1,2" hai="8,13,18,49,51,74,76,77,78,79,81,85,88,92" machi="8" ten="30,6000,0" yaku="1,1,0,1,54,1,53,0" doraHai="48" doraHaiUra="58" who="0" fromWho="0" sc="250,83,250,-21,220,-21,260,-21" /><INIT seed="0,2,0,5,1,132" ten="333,229,199,239" oya="0" hai0="22,23,93,125,45,46,84,39,24,106,55,15,105" hai1="66,108,92,85,133,135,10,100,57,97,16,82,88" hai2="104,98,122,116,80,134,27,48,95,110,81,28,117" hai3="121,89,65,40,120,30,21,71,94,103,109,119,18"/><T53/><D15/><N who="1" m="7287" /><E108/><V8/><F122/><W9/><G119/><T42/><D22/><U50/><E133/><V60/><F134/><W61/><G109/><T102/><D125/><U90/><E135/><V130/><F110/><W131/><G131/><T36/><D36/><U91/><E66/><V43/><F130/><W19/><G103/><T114/><D114/><U107/><E107/><V17/><F104/><W62/><G40/><T32/><D32/><U38/><E38/><V58/><F43/><W129/><G129/><T124/><D124/><U7/><E7/><V56/><F48/><W1/><G61/><T13/><D13/><U54/><AGARI ba="2,0" hai="50,54,57,82,85,88,90,91,92,97,100" m="7287" machi="54" ten="30,4000,0" yaku="8,1,54,2" doraHai="132" who="1" fromWho="1" sc="333,-22,229,46,199,-12,239,-12" /><INIT seed="1,0,0,1,1,104" ten="311,275,187,227" oya="1" hai0="124,66,102,15,62,67,42,37,2,90,80,6,64" hai1="93,91,75,20,111,87,34,126,49,89,127,79,56" hai2="122,81,33,107,78,44,97,13,3,58,119,129,21" hai3="31,36,7,4,76,45,86,132,17,14,60,131,53"/><U30/><E34/><V125/><F119/><W83/><G132/><T25/><D102/><U103/><E103/><V92/><F122/><W19/><G131/><T101/><D101/><U118/><E118/><V55/><F107/><W18/><G31/><T41/><D2/><U57/><E111/><V115/><F3/><W27/><G27/><T88/><D124/><N who="1" m="47659" /><E89/><N who="0" m="34409" /><D37/><U8/><E8/><V94/><F33/><W110/><G110/><T96/><D96/><U134/><E134/><V9/><F21/><W29/><G29/><T113/><D113/><U105/><E105/><V95/><F129/><W47/><G36/><T106/><D106/><U73/><E79/><V54/><F115/><W59/><G14/><T121/><D121/><U28/><E28/><V133/><F133/><W65/><G65/><T70/><D80/><U26/><E49/><N who="2" m="28967" /><F125/><W68/><G68/><T5/><D5/><AGARI ba="0,0" hai="4,5,7,17,18,19,45,47,53,59,60,76,83,86" machi="5" ten="40,1300,0" yaku="8,1" doraHai="104" who="3" fromWho="0" sc="311,-13,275,0,187,0,227,13" /><INIT seed="2,0,0,3,4,32" ten="298,275,187,240" oya="2" hai0="40,3,67,16,17,95,24,59,64,117,61,94,53" hai1="82,111,1,109,134,31,93,46,87,68,27,112,129" hai2="14,41,9,86,85,8,29,34,21,133,125,20,18" hai3="69,105,30,65,115,71,78,28,63,103,22,2,55"/><V91/><F133/><W123/><G123/><T77/><D117/><U121/><E68/><V19/><F125/><W104/><G115/><T45/><D77/><U97/><E112/><V35/><F41/><W15/><G78/><T102/><D3/><U70/><E70/><V36/><F36/><W7/><G71/><T89/><D102/><U26/><E134/><V0/><F29/><W118/><G118/><T114/><D95/><U48/><E121/><V83/><F85/><W116/><G116/><T101/><D101/><U108/><E1/><V76/><F76/><W130/><G130/><T56/><D114/><U66/><E66/><V113/><F113/><W81/><G81/><T132/><D132/><U57/><E57/><V128/><F128/><W5/><G105/><T107/><D107/><U37/><E37/><V13/><REACH who="2" step="1"/><F8/><REACH who="2" ten="298,275,177,240" step="2"/><W12/><G28/><T100/><D64/><U49/><E129/><V43/><F43/><W124/><G30/><T96/><D100/><U122/><E31/><V110/><F110/><W75/><G103/><T90/><D89/><U74/><E87/><V44/><F44/><W135/><G135/><T4/><D45/><U42/><E46/><V58/><F58/><W120/><G65/><T131/><D40/><U127/><E42/><V33/><F33/><W84/><G69/><T80/><D131/><U126/><E126/><V25/><F25/><W79/><G124/><T47/><D47/><U51/><E127/><V6/><AGARI ba="0,1" hai="0,6,9,13,14,18,19,20,21,34,35,83,86,91" machi="6" ten="30,11700,0" yaku="1,1,0,1,9,1,52,1,53,0" doraHai="32" doraHaiUra="119" who="2" fromWho="2" sc="298,-39,275,-39,177,127,240,-39" /><INIT seed="2,1,0,3,1,108" ten="259,236,304,201" oya="2" hai0="43,51,4,7,25,89,88,113,73,130,2,99,59" hai1="54,82,129,79,66,105,128,110,55,24,20,17,23" hai2="53,64,126,83,75,80,123,3,42,133,134,109,33" hai3="98,90,77,122,44,45,35,120,48,132,96,41,38"/><V57/><F123/><W121/><G35/><T119/><D73/><U115/><E105/><V117/><F117/><W27/><G77/><T12/><D2/><U62/><E110/><V118/><F118/><W67/><G27/><T100/><D119/><U135/><E135/><V10/><F33/><W28/><G28/><T63/><D130/><N who="1" m="50283" /><E23/><V87/><F109/><W72/><G72/><T37/><D37/><U70/><E115/><V65/><F42/><W26/><G26/><T76/><D76/><U71/><E71/><V16/><F75/><AGARI ba="1,0" hai="17,20,24,54,55,62,66,70,75,79,82" m="50283" machi="75" ten="30,1000,0" yaku="19,1" doraHai="108" who="1" fromWho="2" sc="259,0,236,13,304,-13,201,0" /><INIT seed="3,0,0,5,3,112" ten="259,249,291,201" oya="3" hai0="79,120,50,81,94,85,119,78,113,110,21,39,95" hai1="32,47,117,108,123,124,101,16,3,96,70,130,118" hai2="115,106,72,14,133,42,126,29,87,89,64,80,97" hai3="109,66,12,45,11,0,34,48,111,18,102,2,23"/><W92/><G66/><T9/><D39/><U76/><E123/><V55/><F115/><W100/><G34/><T30/><D120/><U49/><E70/><V116/><F42/><W26/><G100/><T60/><D113/><U91/><E32/><V82/><F64/><W74/><G74/><T1/><D60/><U77/><E3/><V24/><F133/><W54/><G102/><T57/><D78/><U52/><E108/><N who="3" m="41546" /><G92/><T65/><D110/><U44/><E124/><V88/><F126/><W73/><G73/><T15/><D1/><U121/><E130/><V40/><F72/><W38/><G38/><T98/><D119/><N who="1" m="45579" /><E121/><V37/><F37/><W43/><G43/><T63/><D50/><N who="1" m="28743" /><E16/><AGARI ba="0,0" hai="0,2,11,12,16,18,23,26,45,48,54" m="41546" machi="16" ten="30,5800,0" yaku="14,1,10,1,54,1" doraHai="112" who="3" fromWho="1" sc="259,0,249,-58,291,0,201,58" /><INIT seed="3,1,0,4,5,17" ten="259,191,291,259" oya="3" hai0="12,100,72,85,59,70,127,106,115,95,97,38,90" hai1="111,54,79,101,2,4,32,7,119,66,44,131,88" hai2="22,116,102,30,132,84,62,108,64,109,130,60,77" hai3="3,19,1,117,33,93,91,5,71,45,128,25,82"/><W15/><G71/><T29/><D70/><U34/><E111/><V113/><F113/><W75/><G128/><T46/><D115/><U18/><E131/><V96/><F130/><W57/><G117/><T52/><D72/><U26/><E119/><V16/><F30/><W6/><G45/><T24/><D12/><U114/><E114/><V133/><F116/><W21/><G57/><T69/><D69/><U86/><E79/><V73/><F73/><W42/><G42/><T107/><D127/><U61/><E101/><V10/><F10/><W112/><G112/><T40/><D107/><U89/><E89/><V53/><F53/><W126/><G126/><T35/><D106/><U125/><E125/><V104/><F84/><W41/><G41/><T68/><D68/><U23/><E66/><V78/><F78/><W118/><G118/><T129/><D129/><U67/><E67/><V13/><F77/><W92/><G75/><T49/><REACH who="0" step="1"/><D100/><REACH who="0" ten="249,191,291,259" step="2"/><U110/><E2/><V39/><F39/><W0/><G5/><T8/><D8/><U20/><E4/><V94/><F104/><W103/><G103/><T123/><D123/><U65/><E7/><V58/><REACH who="2" step="1"/><F62/><REACH who="2" ten="249,191,281,259" step="2"/><W56/><G6/><T63/><D63/><U99/><E61/><V121/><F121/><W11/><G11/><T124/><D124/><U74/><E74/><V48/><F48/><W31/><G0/><T134/><D134/><AGARI ba="1,2" hai="13,16,22,58,60,64,94,96,102,108,109,132,133,134" machi="134" ten="40,12000,2" yaku="1,1,20,1,52,1,54,1,53,2" doraHai="17" doraHaiUra="122" who="2" fromWho="0" sc="249,-123,191,0,281,143,259,0" /><INIT seed="4,0,0,1,1,55" ten="126,191,424,259" oya="0" hai0="57,54,77,40,132,72,5,91,61,127,47,121,33" hai1="122,112,65,104,35,116,85,97,113,12,90,2,109" hai2="111,88,10,128,36,64,107,11,130,89,49,48,42" hai3="123,100,18,29,119,26,39,115,94,102,44,27,93"/><T9/><D33/><U24/><E2/><V86/><F111/><W66/><G119/><T4/><D121/><U131/><E109/><V34/><F34/><W52/><G123/><T23/><D127/><U95/><E122/><V30/><F107/><W25/><G115/><N who="1" m="44106" /><E116/><V75/><F75/><W67/><G39/><T101/><D132/><U92/><E104/><V14/><F64/><N who="3" m="24619" /><G29/><T134/><D134/><U114/><E131/><V6/><F30/><W87/><G18/><T74/><D101/><N who="3" m="39017" /><G87/><T62/><D62/><U13/><E65/><V103/><F103/><W124/><G124/><T117/><D117/><U16/><E35/><V125/><F125/><W7/><G7/><T106/><D106/><U56/><E56/><V3/><F36/><W17/><G17/><T32/><D32/><U46/><E46/><V15/><F3/><W80/><G80/><T71/><D71/><U69/><E69/><V41/><F86/><W126/><G126/><T1/><D4/><AGARI ba="0,0" hai="4,6,10,11,14,15,41,42,48,49,88,89,128,130" machi="4" ten="25,3200,0" yaku="22,2,54,1" doraHai="55" who="2" fromWho="0" sc="126,-32,191,0,424,32,259,0" /><INIT seed="5,0,0,1,0,8" ten="94,191,456,259" oya="1" hai0="81,68,95,120,118,47,45,50,86,100,105,98,18" hai1="84,70,61,31,34,78,49,85,36,116,72,110,4" hai2="97,74,109,57,92,54,127,9,87,23,55,123,90" hai3="129,22,115,38,102,101,89,117,1,67,121,2,93"/><U33/><E36/><V25/><F123/><W14/><G115/><T32/><D68/><U41/><E72/><V44/><F74/><W15/><G121/><T131/><D32/><U53/><E41/><V79/><F109/><W107/><G38/><T73/><D118/><U43/><E43/><V126/><F9/><W5/><G107/><T75/><D120/><U124/><E116/><V66/><F44/><W91/><G117/><T119/><D131/><U17/><E4/><V27/><F27/><W20/><G93/><T42/><D119/><U94/><E110/><V111/><F111/><W71/><G67/><T80/><D45/><U40/><E40/><V16/><F66/><W60/><G60/><T6/><D6/><U19/><E124/><N who="2" m="47659" /><F57/><W13/><G5/><T11/><D81/><AGARI ba="0,0" hai="16,23,25,54,55,79,81,87,90,92,97" m="47659" machi="81" ten="30,2000,0" yaku="18,1,54,1" doraHai="8" who="2" fromWho="0" sc="94,-20,191,0,456,20,259,0" /><INIT seed="6,0,0,4,1,90" ten="74,191,476,259" oya="2" hai0="30,37,4,35,31,103,118,104,72,14,119,128,98" hai1="9,17,55,29,110,88,18,33,54,74,97,57,125" hai2="47,44,68,16,20,111,50,107,59,65,58,94,108" hai3="71,132,49,63,81,133,76,113,42,2,5,11,24"/><V84/><F107/><W23/><G113/><T102/><D37/><U109/><E74/><V46/><F68/><W39/><G49/><T21/><D35/><U85/><E125/><V41/><F41/><W91/><G91/><T129/><D4/><U96/><E33/><V66/><F66/><W45/><G63/><T80/><D14/><U10/><E29/><V53/><F65/><W105/><G105/><N who="0" m="63703" /><D21/><U79/><E79/><V112/><F112/><W34/><G71/><T100/><D30/><U0/><E0/><V27/><F59/><W15/><G15/><T122/><D31/><U130/><E130/><N who="0" m="50281" /><D122/><U22/><E85/><V134/><F134/><W70/><G70/><T89/><D89/><U13/><E88/><N who="2" m="53511" /><F111/><W75/><REACH who="3" step="1"/><G34/><REACH who="3" ten="74,191,476,249" step="2"/><T64/><D64/><U51/><E51/><V36/><F36/><W99/><G99/><N who="0" m="61471" /><D103/><U95/><E13/><V38/><F38/><W127/><G127/><T26/><D26/><U77/><E110/><V6/><F108/><W116/><G116/><T43/><D43/><U48/><E109/><V82/><F50/><W124/><G124/><T114/><D114/><U87/><E48/><V28/><F46/><W135/><G135/><T101/><D101/><U69/><E69/><V120/><F44/><W123/><G123/><T3/><D3/><U7/><E57/><V25/><F120/><W83/><G83/><T1/><D1/><U52/><E54/><V106/><F82/><W73/><G73/><T19/><D19/><AGARI ba="0,1" hai="2,5,11,19,23,24,39,42,45,75,76,81,132,133" machi="19" ten="40,5200,0" yaku="1,1,25,2,53,0" doraHai="90" doraHaiUra="93" who="3" fromWho="0" sc="74,-52,191,0,476,0,249,62" /><INIT seed="7,0,0,0,5,135" ten="22,191,476,311" oya="3" hai0="123,98,25,128,99,106,100,124,80,88,46,31,24" hai1="117,51,3,23,12,53,89,15,33,74,17,13,62" hai2="94,40,126,90,109,97,129,21,9,130,54,60,14" hai3="26,111,116,118,133,103,39,76,83,22,77,41,70"/><W127/><G70/><T38/><D123/><U125/><E74/><V108/><F126/><W63/><G63/><T55/><D55/><U56/><E3/><V1/><F1/><W19/><G111/><T121/><D46/><U35/><E117/><V114/><F114/><W95/><G133/><T66/><D38/><U132/><E132/><V48/><F21/><W64/><G64/><T84/><D121/><U113/><E113/><V6/><F40/><W105/><G105/><T78/><D66/><U79/><E79/><V65/><F54/><W27/><G127/><T96/><D24/><U71/><E125/><V11/><F48/><W85/><G76/><T29/><D29/><U8/><E71/><V20/><F20/><W4/><G4/><T57/><D57/><U134/><E134/><V7/><F11/><W82/><G82/><T43/><D43/><U86/><E62/><V67/><F6/><W0/><G0/><T16/><D16/><U120/><E120/><V52/><F52/><W58/><G58/><T69/><D69/><U30/><E30/><V72/><F72/><W5/><G5/><T101/><D124/><U93/><REACH who="1" step="1"/><E15/><REACH who="1" ten="22,181,476,311" step="2"/><V61/><F7/><AGARI ba="0,1" hai="7,8,12,13,17,23,33,35,51,53,56,86,89,93" machi="7" ten="30,12000,2" yaku="1,1,2,1,7,1,25,2,53,1" doraHai="135" doraHaiUra="87" who="1" fromWho="2" sc="22,0,181,130,476,-120,311,0" owari="22,-47.8,311,11.1,356,45.6,311,-8.9" /></mjloggm>