<mjloggm ver="2.3"><GO type="169" lobby="0"/><UN n0="%E7%BD%AA%E5%88%91%E6%B3%95%E5%AE%9A%E4%B8%BB%E7%BE%A9" n1="%C2%A7%E7%8D%85%E5%AD%90%E5%8E%9F%E7%88%BD" n2="%E3%80%90%E8%92%BC%E7%90%89%E3%80%91" n3="%4E%49%4B%55%59%41" dan="17,17,16,17" rate="2202.83,2185.92,2148.40,2228.78" sx="M,F,F,M"/><TAIKYOKU oya="0"/><INIT seed="0,0,0,3,5,18" ten="250,250,250,250" oya="0" hai0="59,53,52,66,29,20,55,113,134,13,15,28,109" hai1="115,57,126,1,101,16,11,124,98,74,118,127,61" hai2="63,32,125,60,41,89,120,14,83,31,105,7,38" hai3="108,69,104,26,133,23,35,93,42,111,102,99,121"/><T128/><D113/><U46/><E118/><V22/><F105/><W37/><G133/><T135/><D128/><U58/><E74/><V106/><F106/><W114/><G114/><T122/><D122/><U70/><E115/><V94/><F120/><W96/><G69/><T97/><D97/><U68/><E46/><V3/><F125/><W24/><G121/><T44/><D44/><U65/><E68/><V81/><F41/><W77/><G77/><T64/><D109/><N who="3" m="42057" /><G42/><T67/><D59/><U62/><E1/><V54/><F38/><W75/><G75/><T117/><D117/><U95/><REACH who="1" step="1"/><E61/><REACH who="1" ten="250,240,250,250" step="2"/><V129/><F3/><W84/><G37/><T56/><D56/><U45/><E45/><V76/><F63/><W92/><G84/><T86/><D86/><U30/><E30/><N who="0" m="11881" /><D20/><U17/><E17/><V33/><F60/><W112/><G112/><T107/><D107/><U43/><E43/><V6/><F31/><N who="3" m="19943" /><G99/><T100/><D100/><U0/><E0/><V40/><F40/><W8/><G8/><T110/><D110/><U78/><E78/><V10/><F76/><W27/><G23/><T123/><D123/><U90/><E90/><V132/><F89/><W50/><G50/><T119/><D119/><U36/><E36/><V88/><F88/><W34/><G34/><T71/><D71/><U103/><E103/><V5/><F22/><W2/><G2/><T48/><D48/><U87/><E87/><V21/><F33/><W72/><G72/><T82/><D82/><U80/><E80/><V39/><F81/><W91/><G91/><T116/><D116/><RYUUKYOKU ba="0,1" sc="250,10,240,10,250,-30,250,10" hai0="13,15,52,53,55,64,66,67,134,135" hai1="11,16,57,58,62,65,70,95,98,101,124,126,127" hai3="26,27,92,93,96,102,104" /><INIT seed="0,1,1,1,1,91" ten="260,250,220,260" oya="0" hai0="115,11,2,84,80,74,93,8,75,114,26,4,73" hai1="52,118,104,116,12,119,103,18,29,89,130,112,97" hai2="66,76,43,50,123,125,51,60,102,79,71,0,78" hai3="55,95,67,65,111,38,47,77,58,6,124,54,69"/><T22/><D11/><U106/><E130/><V110/><F0/><W56/><G77/><T94/><D80/><U64/><E64/><V59/><F123/><W28/><G28/><T126/><D126/><U135/><E135/><V35/><F35/><W122/><G6/><T39/><D39/><U88/><E112/><V5/><F5/><W68/><G95/><T62/><D62/><U32/><E106/><V128/><F110/><W16/><G16/><T42/><D42/><U24/><REACH who="1" step="1"/><E52/><REACH who="1" ten="260,240,220,260" step="2"/><V13/><F128/><W1/><G54/><T25/><D25/><U17/><E17/><V129/><F129/><W44/><G55/><T30/><REACH who="0" step="1"/><D84/><REACH who="0" ten="250,240,220,260" step="2"/><U108/><E108/><V46/><F125/><W117/><G111/><T9/><D9/><AGARI ba="1,3" hai="9,12,18,24,29,32,88,89,97,103,104,116,118,119" machi="9" ten="40,2600,0" yaku="1,1,54,1,53,0" doraHai="91" doraHaiUra="61" who="1" fromWho="0" sc="250,-29,240,59,220,0,260,0" /><INIT seed="1,0,0,3,0,72" ten="221,299,220,260" oya="1" hai0="81,128,25,117,131,12,114,73,69,68,27,22,120" hai1="13,61,84,34,103,89,100,70,1,92,76,79,119" hai2="87,111,28,112,43,59,53,2,24,85,133,42,44" hai3="58,80,109,77,31,0,75,4,47,5,55,86,99"/><U3/><E34/><V67/><F2/><W98/><G109/><T97/><D117/><U107/><E119/><V29/><F111/><W130/><G130/><N who="0" m="49707" /><D114/><U18/><E1/><V32/><F112/><W35/><G47/><T38/><D38/><U127/><E3/><V115/><F115/><W21/><G35/><T124/><D124/><U39/><E39/><V132/><F67/><W118/><G75/><T90/><D97/><N who="3" m="36873" /><G0/><T56/><D56/><U17/><E127/><V15/><F28/><W110/><G110/><T10/><D120/><U37/><E37/><V23/><F15/><W49/><G118/><T65/><D65/><U125/><E125/><V88/><F85/><W20/><G31/><N who="0" m="17847" /><D27/><U7/><E61/><V26/><F59/><W102/><G102/><N who="1" m="38954" /><E107/><V14/><F132/><W63/><G63/><T30/><D30/><U60/><E60/><V108/><F14/><W83/><G80/><T54/><D54/><U82/><E82/><V40/><F133/><W129/><G129/><T57/><D57/><U48/><E48/><N who="2" m="28807" /><F32/><W16/><G21/><T64/><D64/><U41/><E70/><V11/><F108/><W8/><G8/><T123/><D123/><U122/><E122/><V78/><F11/><W91/><G91/><T36/><D36/><U104/><E104/><V101/><F101/><W135/><G135/><T134/><D134/><U9/><E41/><V52/><F40/><W93/><G93/><T19/><D90/><U121/><E121/><V94/><F26/><AGARI ba="0,0" hai="4,5,16,20,26,49,55,58,77,83,86" m="36873" machi="26" ten="30,3900,0" yaku="8,1,52,1,54,1" doraHai="72" who="3" fromWho="2" sc="221,0,299,0,220,-39,260,39" /><INIT seed="2,0,0,5,4,27" ten="221,299,181,299" oya="2" hai0="8,83,84,28,2,45,43,57,20,133,67,122,107" hai1="46,21,93,41,25,7,106,109,62,74,92,116,81" hai2="55,24,88,0,3,17,101,59,6,100,29,48,91" hai3="135,49,113,114,52,9,90,56,112,86,87,108,89"/><V54/><F17/><W132/><G108/><T13/><D122/><U16/><E116/><V82/><F6/><W96/><G9/><T118/><D118/><U36/><E106/><V15/><F15/><W69/><G69/><T104/><D133/><N who="3" m="51273" /><G96/><T124/><D124/><U134/><E134/><V131/><F131/><W117/><G117/><T12/><D2/><U4/><E109/><V72/><F72/><W10/><G10/><T53/><D67/><U65/><E4/><V31/><F24/><W130/><G130/><T110/><D110/><U23/><E7/><V95/><F82/><W115/><G114/><T73/><D73/><U78/><REACH who="1" step="1"/><E21/><REACH who="1" ten="221,289,181,299" step="2"/><V11/><F11/><W47/><G47/><T61/><D107/><U18/><E18/><V51/><F95/><W126/><G126/><T120/><D104/><U42/><E42/><V99/><F99/><W60/><G60/><T66/><D61/><U40/><E40/><V111/><F111/><W94/><G94/><T5/><D43/><U127/><E127/><V121/><F121/><W33/><G33/><T34/><D5/><U38/><E38/><V85/><F85/><AGARI ba="0,1" hai="49,52,56,85,86,87,89,90,112,113,115" m="51273" machi="85" ten="40,5200,0" yaku="11,1,20,1,54,1" doraHai="27" who="3" fromWho="2" sc="221,0,289,0,181,-52,299,62" /><INIT seed="3,0,0,5,0,105" ten="221,289,129,361" oya="3" hai0="14,1,67,12,126,86,23,135,125,41,102,66,48" hai1="38,118,32,74,111,87,64,63,31,78,20,22,18" hai2="99,42,37,134,47,54,55,28,76,79,10,128,113" hai3="77,60,82,121,69,73,122,0,97,101,95,29,21"/><W120/><G0/><T106/><D1/><U112/><E112/><V124/><F113/><W117/><G117/><T56/><D135/><U17/><E87/><V61/><F134/><W13/><G29/><T40/><D106/><U45/><E31/><V24/><F128/><W50/><G50/><T16/><D102/><U26/><E32/><V71/><F124/><N who="0" m="47722" /><D86/><U83/><E111/><V107/><F10/><W51/><G51/><T100/><D100/><U98/><E98/><V53/><F99/><W11/><G21/><T8/><D56/><U85/><E85/><V46/><F46/><W72/><G72/><T4/><D48/><U89/><E89/><V116/><F107/><W119/><G119/><T35/><D35/><U62/><E64/><AGARI ba="0,0" hai="4,8,12,14,16,23,40,41,64,66,67" m="47722" machi="64" ten="30,2000,0" yaku="18,1,54,1" doraHai="105" who="0" fromWho="1" sc="221,20,289,-20,129,0,361,0" /><INIT seed="4,0,0,2,2,63" ten="241,269,129,361" oya="0" hai0="111,104,102,130,90,31,94,124,55,36,126,73,45" hai1="96,50,95,114,2,20,26,53,16,34,132,54,85" hai2="97,101,83,66,84,21,67,32,89,88,107,49,112" hai3="57,58,19,35,59,115,47,133,72,4,42,65,61"/><T68/><D68/><U86/><E132/><V41/><F32/><W128/><G72/><T78/><D31/><U23/><E34/><V11/><F112/><W105/><G105/><T122/><D55/><U79/><E2/><V24/><F11/><W69/><G4/><T125/><D45/><U62/><E114/><V127/><F127/><W108/><G19/><T75/><D36/><U80/><E50/><V10/><F10/><W13/><G13/><T14/><D14/><U135/><E135/><V17/><REACH who="2" step="1"/><F89/><REACH who="2" ten="241,269,119,361" step="2"/><W91/><G91/><T44/><D124/><U28/><E23/><V113/><F113/><W116/><G35/><T5/><D125/><U51/><E20/><V15/><F15/><W120/><G115/><T60/><D90/><U87/><E26/><V30/><F30/><W43/><G133/><T18/><D126/><U1/><E28/><V71/><F71/><W52/><G69/><T48/><D111/><U22/><E22/><V56/><F56/><W110/><G59/><T92/><D122/><U109/><E109/><V119/><F119/><W12/><G12/><T106/><D5/><U33/><E33/><V25/><F25/><W134/><G134/><T3/><D3/><U9/><E1/><V82/><F82/><W129/><G116/><T0/><D0/><U7/><E7/><V118/><F118/><W46/><G120/><T70/><D70/><U103/><E9/><V40/><F40/><W29/><G29/><T100/><D18/><U74/><E16/><V37/><F37/><W64/><G61/><T99/><D44/><AGARI ba="0,1" hai="17,21,24,41,44,49,66,67,83,84,88,97,101,107" machi="44" ten="40,8000,1" yaku="1,1,52,2,54,1,53,0" doraHai="63" doraHaiUra="121" who="2" fromWho="0" sc="241,-80,269,0,119,90,361,0" /><INIT seed="5,0,0,1,0,105" ten="161,269,209,361" oya="1" hai0="99,44,30,64,5,108,95,26,29,34,2,40,14" hai1="101,10,15,20,135,68,122,4,35,126,3,134,104" hai2="51,94,78,41,23,110,31,50,86,91,49,100,77" hai3="85,81,60,84,124,8,18,72,70,32,16,75,80"/><U106/><E68/><V88/><F110/><W103/><G32/><T130/><D108/><U83/><E122/><V61/><F100/><W114/><G103/><T76/><D130/><U92/><E92/><V107/><F107/><W0/><G114/><T48/><D76/><N who="2" m="29290" /><F61/><W17/><G124/><T36/><D30/><U79/><E35/><V24/><F91/><W56/><G70/><T109/><D109/><U9/><E20/><V13/><F13/><W87/><G8/><T111/><D111/><U37/><E37/><V63/><F63/><W90/><G0/><T118/><D118/><U89/><E89/><V129/><F129/><W54/><REACH who="3" step="1"/><G90/><REACH who="3" ten="161,269,209,351" step="2"/><T67/><D2/><U93/><E126/><V28/><F28/><W119/><G119/><T33/><D33/><U43/><E10/><V115/><F115/><W71/><G71/><T21/><D5/><U131/><E131/><V42/><AGARI ba="0,1" hai="23,24,31,41,42,49,50,51,86,88,94" m="29290" machi="42" ten="30,2000,0" yaku="8,1,54,1" doraHai="105" who="2" fromWho="2" sc="161,-5,269,-10,209,30,351,-5" /><INIT seed="6,0,0,1,5,55" ten="156,259,239,346" oya="2" hai0="44,63,107,58,18,104,84,28,0,43,93,115,34" hai1="65,90,78,19,132,70,77,1,131,16,94,31,133" hai2="52,80,130,50,129,48,85,98,113,127,62,83,40" hai3="32,96,59,45,87,15,88,69,97,30,114,56,68"/><V29/><F113/><W9/><G114/><T81/><D115/><U91/><E1/><V102/><F127/><W17/><G32/><T35/><D0/><U61/><E31/><V76/><F29/><W12/><G30/><T72/><D72/><U73/><E131/><N who="2" m="50187" /><F40/><W20/><G45/><T8/><D93/><U37/><E37/><V7/><F83/><N who="3" m="49279" /><G69/><T75/><D75/><U89/><E94/><N who="2" m="58711" /><F7/><N who="3" m="3135" /><G68/><T82/><D107/><U103/><E103/><V110/><F110/><W117/><G117/><T24/><D104/><U13/><E19/><V39/><F39/><W95/><G97/><T11/><D35/><U100/><E100/><AGARI ba="0,0" hai="15,17,20,56,59,95,96,100" m="3135,49279" machi="100" ten="30,7700,0" yaku="8,1,52,2,54,1" doraHai="55" who="3" fromWho="1" sc="156,0,259,-77,239,0,346,77" /><INIT seed="7,0,0,4,5,118" ten="156,182,239,423" oya="3" hai0="99,73,77,123,10,76,5,6,116,33,34,28,36" hai1="26,17,16,18,58,20,32,59,88,49,46,112,56" hai2="129,42,27,4,104,11,74,115,80,62,130,109,68" hai3="133,127,22,89,96,12,117,111,24,95,126,30,35"/><W90/><G117/><T94/><D116/><U132/><E32/><V14/><F104/><W41/><G133/><T84/><D36/><U55/><E132/><V7/><F42/><W131/><G131/><T52/><D123/><U38/><E38/><V54/><F115/><W50/><G111/><T1/><D73/><U110/><E110/><V122/><F122/><W64/><G64/><T108/><D108/><U85/><E112/><V75/><F4/><W113/><G113/><T29/><D6/><U67/><E67/><N who="2" m="41079" /><F80/><AGARI ba="0,0" hai="16,17,18,20,26,46,49,55,56,58,59,80,85,88" machi="80" ten="40,5200,0" yaku="8,1,54,2" doraHai="118" who="1" fromWho="2" sc="156,0,182,52,239,-52,423,0" owari="156,-34.4,234,3.4,187,-21.3,423,52.3" /></mjloggm>