<mjloggm ver="2.3"><GO type="169" lobby="0"/><UN n0="%E3%81%9F%E3%81%91%E3%81%B4%E3%83%BC%40%55%4E%50" n1="%E9%95%B7%E5%B2%A1" n2="%45%72%77%69%6E%52%64" n3="%E7%89%A7%E5%A0%B4%E3%81%AE%E5%B0%91%E5%A5%B3" dan="16,16,16,17" rate="2111.31,2104.13,2113.34,2216.16" sx="M,M,M,F"/><TAIKYOKU oya="0"/><INIT seed="0,0,0,2,4,89" ten="250,250,250,250" oya="0" hai0="68,48,62,111,65,18,108,12,22,81,128,11,40" hai1="35,76,135,110,17,60,86,114,64,87,106,72,101" hai2="44,19,117,28,47,20,55,32,9,96,79,50,39" hai3="13,66,84,45,120,73,74,126,37,52,99,105,70"/><T67/><D67/><U121/><E121/><V97/><F117/><W3/><G3/><T82/><D128/><U59/><E110/><N who="0" m="42025" /><D11/><U57/><E135/><V102/><F79/><W61/><G126/><T10/><D10/><U83/><E114/><V46/><F9/><W54/><G13/><T122/><D122/><U26/><E106/><V31/><F96/><W29/><G29/><T94/><D94/><U134/><E134/><V36/><F32/><W49/><G37/><T125/><D125/><U119/><E119/><V93/><F36/><W109/><G120/><T16/><D18/><U118/><E118/><V41/><REACH who="2" step="1"/><F46/><AGARI ba="0,0" hai="12,16,22,40,46,48,62,65,68,81,82" m="42025" machi="46" ten="30,5800,0" yaku="14,1,10,1,54,1" doraHai="89" who="0" fromWho="2" sc="250,58,250,0,250,-58,250,0" /><INIT seed="0,1,0,4,3,25" ten="308,250,192,250" oya="0" hai0="17,24,83,0,80,45,127,131,109,135,9,21,66" hai1="5,63,27,38,75,11,95,126,19,60,106,50,32" hai2="117,31,119,64,47,20,52,96,111,100,105,97,28" hai3="7,48,132,133,43,12,36,90,40,41,13,46,1"/><T62/><D131/><U49/><E106/><V129/><F129/><W123/><G123/><T51/><D127/><U125/><E38/><V87/><F111/><W85/><G1/><T37/><D37/><U42/><E75/><V74/><F74/><W76/><G76/><T14/><D0/><U86/><E63/><V81/><F64/><W121/><G121/><T44/><D135/><N who="3" m="51785" /><G36/><T88/><D109/><U113/><E60/><V69/><F69/><W29/><G29/><T53/><D44/><U72/><E72/><V91/><F96/><W104/><G104/><T79/><D79/><U15/><E113/><V10/><F10/><N who="3" m="4191" /><G13/><T98/><D98/><U118/><E118/><N who="2" m="45067" /><F20/><W124/><G124/><N who="1" m="47722" /><E42/><V73/><F73/><W108/><G108/><T2/><D2/><U54/><E54/><V30/><F30/><W122/><G122/><T67/><D62/><U103/><E32/><V101/><F101/><W4/><G4/><T93/><D66/><U56/><E103/><V134/><F134/><W128/><G128/><T94/><D67/><U65/><E5/><V78/><F78/><W26/><G26/><T33/><D33/><U116/><E27/><V112/><F112/><W6/><G6/><T58/><D58/><U34/><E34/><V82/><F81/><AGARI ba="1,0" hai="40,41,43,46,48,81,85,90" m="4191,51785" machi="81" ten="30,1000,0" yaku="20,1" doraHai="25" who="3" fromWho="2" sc="308,0,250,0,192,-13,250,13" /><INIT seed="1,0,0,0,3,91" ten="308,250,179,263" oya="1" hai0="117,30,44,34,126,54,104,4,55,19,24,68,100" hai1="41,105,71,97,69,99,18,111,123,59,5,84,49" hai2="64,31,13,40,131,115,82,38,16,39,130,94,28" hai3="23,51,134,61,11,108,56,7,122,42,25,77,93"/><U102/><E123/><V107/><F107/><W76/><G108/><T113/><D113/><U133/><E133/><V14/><F115/><W74/><G134/><T45/><D117/><U20/><E111/><V27/><F82/><W37/><G37/><T36/><D126/><U58/><E5/><V12/><F64/><W62/><G74/><T112/><D112/><U98/><E98/><V78/><F78/><W72/><G72/><T1/><D68/><U79/><E97/><V81/><F81/><W128/><G128/><N who="2" m="49193" /><F94/><W3/><G61/><T2/><D19/><U48/><E71/><V21/><F40/><W60/><G60/><T8/><D2/><U9/><E9/><V101/><F101/><W125/><G125/><T67/><D67/><U63/><E69/><V65/><F65/><W22/><G22/><T110/><D110/><U86/><E58/><V89/><F89/><W109/><G109/><T88/><D100/><U119/><E119/><V80/><F80/><W106/><G106/><T73/><D73/><U33/><E33/><V57/><F57/><W96/><G42/><T127/><D104/><U50/><E79/><V15/><F28/><W103/><G76/><T70/><D70/><U75/><E41/><V114/><F114/><W129/><G77/><T66/><D66/><N who="1" m="39295" /><E75/><V87/><F87/><W10/><G129/><T43/><D127/><U0/><E0/><V52/><F52/><N who="0" m="20010" /><D45/><U90/><E90/><V35/><AGARI ba="0,0" hai="12,13,14,15,16,21,27,31,35,38,39" m="49193" machi="35" ten="30,2000,0" yaku="19,1,54,1" doraHai="91" who="2" fromWho="2" sc="308,-5,250,-10,179,20,263,-5" /><INIT seed="2,0,0,0,5,50" ten="303,240,199,258" oya="2" hai0="14,125,83,80,77,18,73,56,21,8,94,108,4" hai1="64,12,0,26,114,1,22,2,66,82,76,93,11" hai2="57,134,55,52,70,117,88,32,68,5,17,67,72" hai3="71,102,119,33,34,104,124,7,59,127,37,121,95"/><V99/><F117/><W75/><G71/><T6/><D108/><U90/><E114/><V105/><F72/><W92/><G75/><T132/><D132/><U123/><E123/><V39/><F39/><W58/><G37/><T25/><D125/><U41/><E41/><V85/><F32/><W29/><G119/><T87/><D94/><U27/><E76/><V13/><F134/><W110/><G7/><T97/><D97/><U89/><E82/><V42/><F42/><W19/><G19/><T129/><D129/><U115/><E115/><V16/><F68/><W24/><G110/><T45/><D45/><U135/><E135/><V120/><F70/><W74/><G74/><T10/><D56/><N who="3" m="21545" /><G33/><T30/><REACH who="0" step="1"/><D10/><REACH who="0" ten="293,240,199,258" step="2"/><U109/><E109/><V54/><F99/><N who="3" m="61535" /><G121/><T128/><D128/><U103/><E11/><N who="2" m="4335" /><F105/><W111/><G111/><T130/><D130/><U133/><E133/><V101/><F120/><W79/><G95/><T84/><D84/><U62/><E93/><N who="2" m="54415" /><F101/><W15/><G92/><T118/><D118/><U23/><E103/><V3/><F3/><W9/><G127/><T20/><D20/><U28/><E1/><V35/><F35/><W100/><G100/><T91/><AGARI ba="0,1" hai="4,6,8,14,18,21,25,30,73,77,80,83,87,91" machi="91" ten="20,2700,0" yaku="1,1,0,1,7,1,53,0" doraHai="50" doraHaiUra="116" who="0" fromWho="0" sc="293,37,240,-7,199,-13,258,-7" /><INIT seed="3,0,0,0,4,134" ten="330,233,186,251" oya="3" hai0="85,68,15,16,89,22,118,3,79,122,37,52,11" hai1="17,82,64,46,63,58,103,74,39,8,2,133,12" hai2="67,18,5,119,48,40,105,51,99,0,45,21,80" hai3="25,107,135,88,31,57,123,65,76,129,50,26,4"/><W70/><BYE who="1" /><G123/><T128/><D118/><U91/><E91/><V120/><F119/><UN n1="%E9%95%B7%E5%B2%A1" /><W72/><G107/><T33/><D122/><U109/><E133/><V116/><F116/><W54/><G135/><T78/><D68/><U86/><E109/><V71/><F120/><W96/><G4/><T44/><D33/><U100/><E74/><V35/><F35/><W23/><G129/><T124/><D128/><U6/><E39/><V34/><F34/><W49/><G70/><T102/><D102/><U73/><E73/><V27/><F71/><W77/><G72/><T87/><D124/><U104/><E104/><V106/><F67/><W75/><G75/><T95/><D85/><U69/><E69/><V92/><F80/><W43/><G26/><T113/><D113/><U115/><E115/><V9/><REACH who="2" step="1"/><F48/><REACH who="2" ten="330,233,176,251" step="2"/><W29/><G65/><T94/><D37/><U126/><E126/><V7/><F7/><W41/><G50/><N who="0" m="28743" /><D3/><U117/><E117/><V30/><F30/><W125/><G29/><T132/><D132/><U111/><E111/><V13/><F13/><W56/><G125/><T47/><D47/><U110/><E46/><V42/><F42/><N who="3" m="15883" /><G56/><T32/><D32/><U14/><E110/><V10/><F10/><W20/><G20/><T66/><D66/><U112/><E112/><V114/><F114/><W127/><G127/><T108/><D108/><U93/><E2/><V83/><F83/><W59/><G59/><T36/><D36/><U38/><E38/><V1/><F1/><W101/><G57/><T61/><D22/><N who="1" m="11559" /><E82/><V53/><F53/><W121/><G54/><RYUUKYOKU ba="0,1" sc="330,-15,233,15,176,15,251,-15" hai1="6,8,14,58,63,64,86,93,100,103" hai2="0,5,9,18,21,27,40,45,51,92,99,105,106" /><INIT seed="4,1,1,1,1,50" ten="315,248,191,236" oya="0" hai0="66,132,81,6,121,62,63,126,34,37,59,74,118" hai1="47,104,77,4,106,58,133,110,49,71,84,45,113" hai2="125,134,75,53,86,23,57,16,116,131,54,129,122" hai3="48,29,2,119,12,96,73,108,3,124,9,52,15"/><T10/><D118/><U24/><E71/><V42/><F116/><W67/><G119/><T36/><D121/><U72/><E110/><V21/><F122/><W92/><G73/><T27/><D132/><U7/><E72/><V22/><F75/><W56/><G108/><T80/><D126/><U85/><E133/><V128/><F134/><W79/><G79/><T11/><D11/><U1/><E113/><V101/><F125/><W91/><G124/><T87/><D74/><U20/><E106/><V102/><F42/><W95/><G29/><T14/><D80/><U5/><E104/><V28/><F28/><W109/><G109/><T90/><REACH who="0" step="1"/><D63/><REACH who="0" ten="305,248,191,236" step="2"/><U64/><E1/><V120/><F120/><W51/><G2/><T26/><D26/><U114/><E114/><V111/><F111/><W46/><G3/><T35/><D35/><U55/><E77/><V61/><F86/><N who="3" m="52343" /><G9/><T18/><D18/><N who="1" m="12311" /><E85/><V69/><F69/><W123/><G123/><T44/><D44/><N who="1" m="28071" /><E84/><V83/><F83/><W112/><G112/><T68/><D68/><U117/><E117/><V38/><F38/><W0/><G0/><T13/><D13/><U97/><E97/><V30/><F30/><AGARI ba="1,2" hai="6,10,14,27,30,34,36,37,59,62,66,81,87,90" machi="30" ten="40,3900,0" yaku="1,1,53,1" doraHai="50" doraHaiUra="76" who="0" fromWho="2" sc="305,62,248,0,191,-42,236,0" /><INIT seed="4,2,0,5,3,61" ten="367,248,149,236" oya="0" hai0="51,114,90,19,110,1,33,48,18,113,75,95,8" hai1="25,109,101,63,65,45,130,77,12,11,17,0,2" hai2="10,117,126,134,133,107,78,131,69,54,120,27,39" hai3="102,79,72,103,16,83,47,52,37,50,31,106,24"/><T30/><D75/><U119/><E119/><V13/><F107/><W57/><G106/><T81/><D81/><U44/><E109/><V132/><F39/><W22/><G37/><T92/><D30/><U9/><E130/><V104/><F104/><W73/><G73/><T122/><D33/><U21/><E101/><V85/><F120/><W42/><REACH who="3" step="1"/><G31/><REACH who="3" ten="367,248,149,226" step="2"/><T46/><D122/><U105/><E105/><V58/><F131/><W38/><AGARI ba="2,1" hai="16,22,24,38,42,47,50,52,57,72,79,83,102,103" machi="38" ten="20,12000,2" yaku="1,1,2,1,0,1,7,1,54,2,53,0" doraHai="61" doraHaiUra="26" who="3" fromWho="3" sc="367,-62,248,-32,149,-32,226,136" /><INIT seed="5,0,0,3,4,42" ten="305,216,117,362" oya="1" hai0="97,117,134,111,52,116,12,18,68,49,87,23,102" hai1="33,32,113,112,39,91,74,34,132,106,77,17,104" hai2="130,57,44,58,26,78,86,114,110,53,118,82,31" hai3="55,107,93,126,128,124,98,92,30,80,75,61,119"/><U125/><E125/><N who="3" m="48234" /><G30/><T21/><D111/><U100/><E132/><V7/><F110/><W2/><G2/><T89/><D68/><U56/><E39/><V81/><F118/><W50/><G61/><T45/><D23/><U121/><E121/><V37/><F130/><W73/><G128/><T22/><D21/><U40/><E40/><V123/><F123/><W76/><G119/><T47/><D134/><U9/><E91/><V84/><F114/><N who="1" m="44137" /><E100/><V59/><F7/><W48/><G48/><T1/><D1/><U99/><E99/><V135/><F135/><W28/><G28/><T13/><D13/><N who="1" m="7343" /><E56/><V63/><F37/><W129/><G75/><T19/><D19/><U0/><E0/><V10/><F10/><W5/><G5/><T35/><D35/><N who="1" m="8963" /><U3/><DORA hai="67" /><E3/><V88/><REACH who="2" step="1"/><F44/><REACH who="2" ten="305,216,107,362" step="2"/><N who="3" m="28103" /><G129/><T25/><D45/><U64/><E64/><V71/><F71/><W4/><G4/><T95/><REACH who="0" step="1"/><D25/><REACH who="0" ten="295,216,107,362" step="2"/><U41/><E41/><V51/><F51/><W38/><G38/><T46/><D46/><U16/><E16/><V65/><F65/><W62/><G62/><T96/><D96/><U85/><E74/><V131/><F131/><W54/><G73/><T133/><D133/><U72/><E72/><V115/><F115/><W11/><G98/><T66/><D66/><U108/><E108/><V127/><F127/><W103/><G11/><T109/><D109/><U36/><E36/><V69/><F69/><W60/><G60/><T70/><D70/><U27/><E27/><V83/><F83/><AGARI ba="0,2" hai="12,18,22,47,49,52,83,87,89,95,97,102,116,117" machi="83" ten="30,7700,0" yaku="1,1,7,1,52,1,54,1,53,0" doraHai="42,67" doraHaiUra="20,105" who="0" fromWho="2" sc="295,97,216,0,107,-77,362,0" /><AGARI ba="0,0" hai="77,83,85,104,106" m="8963,7343,44137" machi="83" ten="50,2400,0" yaku="15,1" doraHai="42,67" who="1" fromWho="2" sc="392,0,216,24,30,-24,362,0" /><INIT seed="5,1,0,4,0,69" ten="392,240,6,362" oya="1" hai0="20,12,87,127,28,26,10,79,125,62,106,18,2" hai1="112,80,8,120,4,5,17,114,49,59,96,134,66" hai2="119,44,116,54,67,68,42,6,126,11,84,0,22" hai3="129,60,122,95,45,40,21,98,88,34,24,107,63"/><U33/><E120/><V31/><F126/><N who="0" m="48138" /><D106/><U29/><E80/><V55/><F84/><W56/><G122/><T132/><D62/><U53/><E134/><V133/><F54/><W57/><G129/><T73/><D73/><U108/><E108/><V15/><F55/><W99/><G34/><N who="0" m="20759" /><D87/><U109/><E109/><V103/><F103/><W74/><G74/><T104/><D104/><U93/><E17/><V32/><F133/><W94/><G107/><T37/><D79/><U65/><E5/><V72/><F72/><W81/><G81/><T27/><D37/><U46/><E29/><V124/><F124/><W19/><G60/><T105/><D105/><U38/><E33/><V30/><F67/><W58/><G63/><T23/><D132/><U7/><E7/><V35/><F68/><W1/><G1/><T50/><D50/><U121/><E121/><V128/><F31/><W75/><G75/><T52/><D52/><U43/><E112/><V47/><F47/><W64/><G64/><T110/><D110/><U117/><E114/><V41/><F128/><W85/><REACH who="3" step="1"/><G95/><REACH who="3" ten="392,240,6,352" step="2"/><T16/><D2/><U51/><E117/><N who="2" m="45131" /><F44/><W115/><G115/><T123/><D123/><U100/><REACH who="1" step="1"/><E49/><AGARI ba="1,1" hai="19,21,24,40,45,49,56,57,58,85,88,94,98,99" machi="49" ten="40,5200,0" yaku="1,1,8,1,54,1,53,0" doraHai="69" doraHaiUra="131" who="3" fromWho="1" sc="392,0,240,-55,6,0,352,65" /><INIT seed="6,0,0,2,1,87" ten="392,185,6,417" oya="2" hai0="56,67,72,24,100,35,109,99,113,105,69,1,52" hai1="118,50,129,101,131,91,71,19,64,4,90,26,108" hai2="76,93,83,92,23,120,119,126,107,18,33,27,28" hai3="95,48,124,25,3,103,132,121,39,36,130,6,13"/><V88/><F120/><W81/><G121/><T61/><D109/><U53/><E108/><V41/><F119/><W34/><G3/><T40/><D1/><U42/><E118/><V29/><F107/><W78/><G48/><T94/><D113/><U15/><E42/><V17/><F126/><W125/><G132/><T86/><D72/><U74/><E74/><V82/><F41/><W43/><G130/><N who="1" m="49674" /><E101/><V12/><F28/><N who="3" m="19727" /><G6/><T60/><D40/><U47/><E4/><V96/><F76/><W22/><G43/><T79/><D79/><U111/><E111/><V16/><F17/><N who="3" m="10543" /><G103/><T9/><D9/><N who="1" m="6639" /><E26/><V65/><F65/><W21/><G21/><T97/><D24/><U114/><E114/><V30/><F30/><W44/><G44/><T2/><D2/><U32/><E32/><V122/><F122/><W63/><G63/><AGARI ba="0,0" hai="47,50,53,63,64,71,90,91" m="6639,49674" machi="63" ten="30,3900,0" yaku="19,1,52,2" doraHai="87" who="1" fromWho="3" sc="392,0,185,39,6,0,417,-39" /><INIT seed="7,0,0,3,3,45" ten="392,224,6,378" oya="3" hai0="105,36,35,54,34,25,101,85,61,92,24,95,87" hai1="23,6,47,77,27,82,124,63,0,112,21,128,60" hai2="106,57,16,88,98,48,9,46,14,43,103,32,65" hai3="17,79,84,121,40,72,110,7,10,75,71,107,93"/><W42/><G121/><T19/><D36/><U129/><E112/><V86/><F32/><W117/><G117/><T133/><D105/><U100/><E124/><V13/><F13/><W99/><G71/><T12/><D34/><U51/><E100/><V123/><F123/><W111/><G17/><T97/><D35/><U90/><E90/><V8/><F8/><W120/><G120/><T113/><D113/><U59/><E60/><V102/><F106/><W1/><G84/><N who="0" m="32331" /><D95/><U44/><E44/><V58/><F98/><W3/><G3/><T62/><D133/><U96/><E96/><V26/><F26/><N who="0" m="10346" /><D54/><U76/><E0/><V20/><F9/><AGARI ba="0,0" hai="9,12,19,61,62,92,97,101" m="10346,32331" machi="9" ten="30,1000,0" yaku="8,1" doraHai="45" who="0" fromWho="2" sc="392,10,224,0,6,-10,378,0" owari="402,50.2,224,-17.6,-4,-50.4,378,17.8" /></mjloggm>