<mjloggm ver="2.3"><GO type="169" lobby="0"/><UN n0="%E3%81%BF%E3%82%84%E3%81%AF%E3%82%89" n1="%70%6F%6B%6B%6F" n2="%73%73%73%31%39%33%33" n3="%E3%81%8B%E3%81%B6%E8%8C%B6" dan="16,16,16,17" rate="2061.79,2040.08,2119.74,2154.68" sx="M,M,F,M"/><TAIKYOKU oya="0"/><INIT seed="0,0,0,3,3,9" ten="250,250,250,250" oya="0" hai0="11,77,90,74,47,81,2,66,69,128,15,108,117" hai1="39,63,71,61,50,82,7,97,87,19,80,49,34" hai2="22,17,35,45,78,133,102,64,118,57,130,88,21" hai3="56,28,125,104,91,8,12,84,42,73,116,18,134"/><T123/><D117/><U27/><E39/><V1/><F1/><W103/><G116/><T83/><D123/><U52/><E7/><V6/><F6/><W86/><G73/><T105/><D2/><U135/><E135/><V131/><F35/><W95/><G134/><T92/><D128/><N who="2" m="49194" /><F133/><W93/><G125/><T94/><D105/><U36/><E36/><V33/><F33/><W14/><G104/><T96/><D108/><U98/><E71/><V65/><F78/><W119/><G119/><T129/><D129/><U114/><E114/><V70/><F102/><W122/><G122/><T101/><D83/><U89/><E80/><V126/><F70/><W10/><G28/><T100/><D47/><U48/><E34/><V72/><F72/><W37/><G37/><T113/><D113/><U112/><E112/><V44/><F22/><W60/><G42/><T55/><D55/><U32/><E32/><V106/><F106/><W41/><G41/><T109/><D109/><U76/><E76/><V54/><F126/><W110/><G110/><T25/><D25/><U107/><E107/><V85/><F45/><W31/><G31/><T124/><D124/><U53/><E63/><N who="2" m="36279" /><F44/><W62/><G56/><T20/><D20/><N who="1" m="13727" /><E61/><N who="3" m="23658" /><G103/><N who="0" m="60807" /><D66/><U132/><E132/><V43/><F43/><W99/><G95/><T3/><D3/><U51/><N who="1" m="12288" /><DORA hai="26" /><U0/><E0/><V38/><F38/><W79/><G79/><T67/><D67/><U58/><E58/><V115/><F118/><W111/><G111/><T5/><D69/><U40/><E40/><V13/><F115/><W24/><G24/><RYUUKYOKU ba="0,0" sc="250,0,250,0,250,0,250,0" hai0="5,11,15,74,77,81,90,94,100,101" hai1="52,53,82,87,89,97,98" hai2="13,17,21,64,65,85,88" hai3="8,10,12,14,18,84,86,91,93,99" /><INIT seed="0,1,0,4,2,27" ten="250,250,250,250" oya="0" hai0="92,75,68,5,128,108,50,29,84,134,67,101,113" hai1="63,18,112,85,11,135,95,66,83,125,9,71,49" hai2="6,41,114,13,1,33,52,60,56,107,44,53,36" hai3="58,104,102,127,30,20,132,38,70,121,133,119,111"/><T40/><D113/><U72/><E112/><V39/><F107/><W37/><G104/><T94/><D75/><U98/><E125/><V88/><F33/><W17/><G102/><T126/><D126/><U124/><E124/><V4/><F1/><W116/><G127/><T115/><D115/><U96/><E135/><N who="3" m="51786" /><G70/><T24/><D134/><U15/><E72/><V118/><F114/><W48/><G111/><T76/><D5/><U31/><E49/><V59/><F39/><N who="3" m="14859" /><G30/><T45/><D128/><U86/><E31/><V100/><F100/><W117/><G20/><T16/><D108/><U54/><E54/><V89/><F118/><W97/><G97/><T74/><D74/><U22/><E98/><V23/><F23/><W78/><G17/><T12/><D101/><U43/><E43/><V26/><F26/><W99/><G99/><T25/><D68/><U103/><REACH who="1" step="1"/><E86/><REACH who="1" ten="250,240,250,250" step="2"/><V81/><F36/><W129/><G129/><T130/><D130/><U131/><E131/><V120/><F41/><W110/><G110/><T34/><D67/><U73/><E73/><V65/><F65/><W47/><G121/><T21/><REACH who="0" step="1"/><D25/><REACH who="0" ten="240,240,250,250" step="2"/><U91/><AGARI ba="1,2" hai="9,11,15,18,22,63,66,71,83,85,91,95,96,103" machi="91" ten="20,2700,0" yaku="1,1,0,1,7,1,53,0" doraHai="27" doraHaiUra="51" who="1" fromWho="1" sc="240,-14,240,50,250,-8,250,-8" /><INIT seed="1,0,0,3,4,17" ten="226,290,242,242" oya="1" hai0="132,29,33,8,52,96,38,55,44,34,62,36,59" hai1="5,6,46,54,131,26,0,58,97,30,48,76,80" hai2="70,10,106,37,75,63,56,39,101,82,32,40,24" hai3="95,72,51,68,120,67,3,127,23,64,103,16,27"/><U13/><E131/><V31/><F56/><W117/><G120/><T53/><D132/><U115/><E0/><V90/><F10/><W19/><G72/><T94/><D8/><U92/><E115/><V21/><F40/><W85/><G127/><T41/><D38/><U87/><E13/><V107/><F90/><N who="3" m="53711" /><G68/><T12/><D12/><U47/><E47/><V66/><F21/><N who="3" m="13735" /><G3/><T113/><D113/><U69/><E69/><V35/><F35/><W14/><G117/><T18/><D18/><U15/><E15/><V130/><F130/><W99/><G51/><T20/><D33/><U71/><E71/><V119/><F119/><W93/><AGARI ba="0,0" hai="14,19,23,64,67,93,99,103" m="13735,53711" machi="93" ten="30,7900,0" yaku="8,1,52,2,54,1" doraHai="17" who="3" fromWho="3" sc="226,-20,290,-39,242,-20,242,79" /><INIT seed="2,0,0,0,0,112" ten="206,251,222,321" oya="2" hai0="27,18,100,46,10,87,15,126,84,30,90,55,17" hai1="47,128,95,78,41,52,16,127,0,80,59,45,13" hai2="92,24,19,85,22,70,7,11,122,8,35,125,82" hai3="74,113,103,96,63,12,123,1,49,124,32,9,132"/><V116/><F70/><W65/><G123/><T105/><D126/><U20/><E127/><V21/><F122/><W37/><G37/><T79/><D105/><U71/><E71/><V62/><F125/><W72/><G124/><T83/><D100/><U108/><E0/><V36/><F36/><W34/><G49/><T118/><D118/><U2/><E2/><V48/><F35/><W94/><G132/><T93/><D46/><U69/><E69/><V107/><F107/><W131/><G1/><T89/><D55/><U115/><E115/><V43/><F92/><W68/><G113/><T98/><D18/><U133/><E133/><V57/><F116/><W73/><REACH who="3" step="1"/><G131/><REACH who="3" ten="206,251,222,311" step="2"/><T86/><REACH who="0" step="1"/><D79/><REACH who="0" ten="196,251,222,311" step="2"/><U75/><E128/><V109/><F109/><W101/><G101/><T134/><D134/><U61/><E108/><V121/><F121/><W60/><G60/><T56/><D56/><U39/><E39/><V88/><F62/><W66/><G66/><T33/><AGARI ba="0,2" hai="10,15,17,27,30,33,83,84,86,87,89,90,93,98" machi="33" ten="20,2700,0" yaku="1,1,0,1,7,1,53,0" doraHai="112" doraHaiUra="114" who="0" fromWho="0" sc="196,47,251,-7,222,-13,311,-7" /><INIT seed="3,0,0,5,5,63" ten="243,244,209,304" oya="3" hai0="41,18,14,42,118,106,33,87,111,35,67,131,108" hai1="134,23,76,124,25,55,16,98,44,113,83,112,99" hai2="37,1,58,13,93,126,103,46,79,47,38,40,64" hai3="12,95,100,133,122,74,24,0,84,32,101,102,123"/><W119/><G0/><T71/><D118/><U17/><E124/><V65/><F1/><W10/><G119/><T29/><D106/><U52/><E134/><V72/><F126/><W49/><G74/><T60/><D131/><U51/><E112/><V61/><F13/><W114/><G114/><T66/><D87/><N who="1" m="48615" /><E113/><V97/><F79/><W132/><G49/><T86/><D86/><U96/><E17/><V19/><F19/><W110/><G24/><T45/><D41/><AGARI ba="0,0" hai="16,23,25,41,44,51,52,55,96,98,99" m="48615" machi="41" ten="30,3900,0" yaku="8,1,54,2" doraHai="63" who="1" fromWho="0" sc="243,-39,244,39,209,0,304,0" /><INIT seed="4,0,0,4,2,94" ten="204,283,209,304" oya="0" hai0="93,124,24,71,5,95,69,37,4,135,16,26,73" hai1="61,36,114,125,18,105,14,9,132,75,92,111,27" hai2="10,6,55,3,63,13,122,0,106,118,57,86,123" hai3="46,82,23,70,19,33,87,39,84,104,48,116,133"/><T79/><D135/><U130/><E92/><V47/><F118/><W83/><G116/><T74/><D37/><U60/><E61/><V41/><F106/><W65/><G33/><T49/><D79/><U17/><E60/><V98/><F98/><W128/><G128/><T64/><D49/><U56/><E56/><V31/><F31/><W8/><G104/><T20/><D124/><U120/><E18/><V121/><REACH who="2" step="1"/><F86/><REACH who="2" ten="204,283,199,304" step="2"/><W117/><G117/><T28/><D73/><U1/><E105/><V97/><F97/><W58/><G84/><T77/><D74/><U53/><E75/><V129/><F129/><W91/><G87/><T109/><D109/><U40/><E111/><V101/><F101/><W44/><G133/><T78/><D78/><U21/><E130/><V102/><F102/><W59/><G91/><T43/><D77/><U89/><E89/><V54/><F54/><W100/><G100/><T15/><D64/><U108/><E53/><V34/><F34/><W80/><G65/><T45/><D71/><U88/><E88/><V127/><F127/><W110/><G110/><T81/><D69/><U52/><E52/><V32/><F32/><W42/><G70/><T12/><D28/><U134/><E125/><V22/><F22/><W25/><G8/><T72/><D20/><U38/><E108/><V126/><F126/><W107/><G107/><T68/><D72/><U67/><E67/><V90/><F90/><W85/><G85/><T50/><D68/><U62/><E134/><V66/><F66/><W29/><G29/><T30/><D30/><U51/><E132/><RYUUKYOKU ba="0,1" sc="204,-15,283,-15,199,15,304,15" hai2="0,3,6,10,13,41,47,55,57,63,121,122,123" hai3="19,23,25,39,42,44,46,48,58,59,80,82,83" /><INIT seed="5,1,1,4,2,26" ten="189,268,214,319" oya="1" hai0="58,34,50,56,41,29,75,79,122,27,25,101,89" hai1="124,94,72,102,37,106,114,15,42,104,54,46,48" hai2="119,82,88,66,53,17,8,13,24,123,14,100,5" hai3="22,47,126,113,95,63,74,131,84,19,30,118,6"/><U32/><E114/><V129/><F119/><W108/><G108/><T33/><D122/><U61/><E72/><V52/><F123/><W4/><G74/><T125/><D125/><U83/><E124/><V51/><F129/><W76/><G126/><T3/><D3/><U91/><E32/><V0/><F100/><W120/><G120/><T39/><D101/><U55/><E102/><V49/><F66/><W77/><G113/><T60/><D39/><U135/><E135/><V62/><F62/><W1/><G1/><T11/><D11/><U111/><E111/><V18/><F24/><N who="3" m="16663" /><G19/><T2/><D2/><U117/><E61/><V69/><F69/><W70/><G70/><T116/><D116/><U68/><E83/><V96/><F0/><W93/><G131/><T59/><D89/><U110/><E68/><V81/><F5/><W105/><G105/><T43/><D79/><U57/><E110/><V103/><F103/><W9/><G9/><T10/><D10/><U92/><E117/><V23/><F96/><W35/><G35/><T115/><D115/><U130/><E130/><V73/><F73/><W45/><G63/><T16/><D75/><U134/><E134/><V109/><F109/><W7/><G118/><T21/><D34/><U64/><E106/><V12/><F12/><W20/><G20/><T99/><D99/><N who="1" m="57759" /><E104/><V65/><F65/><W112/><G112/><T36/><D36/><U78/><E64/><V28/><F8/><W127/><G127/><T133/><D133/><U85/><E15/><V107/><F107/><W128/><G128/><T97/><D60/><RYUUKYOKU ba="1,1" sc="189,0,268,0,214,0,319,0" /><INIT seed="6,2,1,5,3,83" ten="189,268,214,319" oya="2" hai0="134,1,131,13,117,78,90,126,109,33,68,32,101" hai1="56,99,22,104,55,49,87,53,73,50,114,119,43" hai2="29,69,121,102,8,38,106,18,122,54,71,14,39" hai3="46,58,2,17,108,0,6,77,75,115,52,65,112"/><V11/><F29/><W125/><G108/><T86/><D109/><U48/><E73/><V26/><F26/><W129/><G129/><T47/><D68/><U95/><E119/><V132/><F132/><W118/><G118/><T4/><D117/><U105/><E114/><N who="3" m="43562" /><G125/><T107/><D126/><U23/><E43/><V84/><F71/><W85/><G75/><T64/><D1/><U5/><E5/><V15/><F69/><W60/><G6/><T113/><D113/><U57/><E50/><V21/><F54/><W103/><G103/><T62/><D134/><U41/><E41/><V74/><F74/><W59/><G17/><T96/><D78/><U82/><E105/><V130/><F130/><W128/><G46/><T98/><D98/><U10/><E10/><V124/><F124/><W110/><G110/><T7/><D47/><U76/><E104/><V94/><F106/><W19/><G19/><T81/><D131/><U133/><E133/><V66/><F66/><W70/><G70/><T31/><D7/><U63/><E63/><V61/><F61/><N who="3" m="38071" /><G128/><T37/><D37/><U80/><E80/><AGARI ba="2,1" hai="0,2,52,59,60,77,80,85" m="38071,43562" machi="80" ten="30,7700,0" yaku="15,1,11,1,52,1,54,1" doraHai="83" who="3" fromWho="1" sc="189,0,268,-83,214,0,319,93" /><INIT seed="7,0,0,0,1,66" ten="189,185,214,412" oya="3" hai0="123,54,43,133,72,127,25,31,79,17,50,6,24" hai1="19,30,120,14,2,29,10,4,121,47,45,11,125" hai2="8,101,83,5,18,33,78,89,135,119,104,55,49" hai3="36,28,90,115,117,39,110,9,65,48,38,58,86"/><W134/><G48/><T27/><D123/><N who="1" m="47179" /><E45/><V59/><F33/><W15/><G86/><T76/><D127/><U124/><E47/><V20/><F135/><W42/><G134/><T103/><D133/><U116/><E116/><V53/><F119/><W106/><G90/><T12/><D72/><U81/><E81/><V0/><F89/><W71/><G15/><T44/><D103/><U80/><E80/><V73/><F101/><W57/><G57/><T108/><D108/><U112/><E112/><V118/><F104/><W32/><G58/><T85/><D6/><U3/><E3/><V100/><F100/><W62/><G62/><T102/><D102/><U67/><E67/><V35/><F118/><W91/><G9/><N who="0" m="6287" /><D31/><AGARI ba="0,0" hai="2,4,10,11,14,19,29,30,31,124,125" m="47179" machi="31" ten="30,2000,0" yaku="34,2" doraHai="66" who="1" fromWho="0" sc="189,-20,185,20,214,0,412,0" owari="169,-33.1,205,-19.5,214,1.4,412,51.2" /></mjloggm>