<mjloggm ver="2.3"><GO type="169" lobby="0"/><UN n0="%E8%8C%B6%E5%BA%A6" n1="%E3%81%B3%E3%82%8D%E3%81%B4%E3%82%8D" n2="%E6%A4%9B%E5%8D%97" n3="%E3%83%80%E3%83%95%E3%83%88%E3%83%91%E3%83%B3%E3%83%84" dan="16,16,16,17" rate="2127.59,2158.99,2104.33,2175.88" sx="M,M,F,M"/><TAIKYOKU oya="0"/><INIT seed="0,0,0,2,1,0" ten="250,250,250,250" oya="0" hai0="18,71,122,53,16,102,9,41,67,33,64,90,10" hai1="50,68,54,96,24,88,45,49,80,125,14,29,3" hai2="119,111,85,128,100,42,101,131,5,46,23,77,109" hai3="8,94,48,58,20,83,66,99,112,52,95,123,78"/><T133/><D33/><U124/><E3/><V106/><F106/><W27/><G123/><T74/><D74/><U91/><E68/><V110/><F23/><W97/><G112/><T17/><D133/><U39/><E39/><V31/><F31/><W134/><G66/><N who="0" m="25131" /><D71/><U22/><E96/><V81/><F5/><W72/><G134/><T126/><D41/><U65/><E65/><V82/><F119/><W35/><G35/><T121/><D53/><U107/><E107/><V2/><F2/><W129/><G129/><N who="2" m="49737" /><F46/><W40/><G40/><T43/><D43/><U59/><E49/><V36/><F42/><W30/><G99/><T70/><D90/><U76/><E59/><V117/><F117/><W28/><G28/><T21/><D21/><U92/><E92/><V127/><F36/><W12/><REACH who="3" step="1"/><G97/><REACH who="3" ten="250,250,250,240" step="2"/><T79/><D70/><U118/><E118/><V7/><F111/><W61/><G61/><T113/><D113/><U55/><E55/><V11/><F110/><W93/><G93/><T105/><D105/><U56/><E45/><V63/><F63/><W25/><G25/><T13/><D122/><U104/><E104/><V89/><F109/><W115/><G115/><T62/><D62/><U84/><E125/><V86/><F127/><W108/><G108/><T57/><D121/><U114/><E124/><V73/><F73/><W38/><G38/><T132/><D132/><U47/><E47/><V51/><F51/><W1/><G1/><T60/><D126/><U135/><E135/><V6/><F82/><W69/><G69/><T15/><D60/><U34/><E114/><RYUUKYOKU ba="0,1" sc="250,-15,250,15,250,-15,240,15" hai1="14,22,24,29,34,50,54,56,76,80,84,88,91" hai3="8,12,20,27,30,48,52,58,72,78,83,94,95" /><INIT seed="1,1,1,3,5,1" ten="235,265,235,255" oya="1" hai0="64,112,24,20,31,98,67,46,104,43,28,105,132" hai1="134,85,99,68,121,116,70,82,95,15,66,71,3" hai2="110,40,49,129,35,84,9,26,92,108,109,6,76" hai3="2,93,128,89,32,97,118,19,54,61,78,0,22"/><U72/><BYE who="3" /><E116/><V111/><F129/><W10/><G10/><T50/><D132/><UN n3="%E3%83%80%E3%83%95%E3%83%88%E3%83%91%E3%83%B3%E3%83%84" /><U115/><E115/><V100/><F35/><W63/><G118/><T65/><D112/><U133/><E121/><V87/><F26/><N who="3" m="14687" /><G32/><T14/><D98/><U103/><E3/><V12/><F76/><W57/><G128/><T80/><D31/><U11/><E72/><V81/><F100/><W59/><G78/><T60/><D60/><U77/><REACH who="1" step="1"/><E66/><AGARI ba="1,1" hai="0,2,54,57,59,61,63,66,89,93,97" m="14687" machi="66" ten="30,1000,0" yaku="25,1" doraHai="1" who="3" fromWho="1" sc="235,0,265,-13,235,0,255,23" /><INIT seed="2,0,0,2,5,0" ten="235,252,235,278" oya="2" hai0="67,59,115,15,126,78,108,131,16,44,117,13,96" hai1="57,107,45,26,74,1,124,109,112,100,88,49,42" hai2="35,32,77,99,79,5,62,19,116,27,8,134,98" hai3="3,61,12,118,51,104,58,129,111,14,25,93,73"/><V92/><F134/><W130/><G104/><T20/><D115/><U125/><E112/><V113/><F113/><W72/><G118/><T9/><D108/><U63/><E74/><V123/><F123/><W90/><G3/><T83/><D126/><U82/><E1/><V76/><F116/><W89/><G25/><T43/><D131/><N who="3" m="50185" /><G51/><N who="0" m="27039" /><D117/><U29/><E100/><V95/><F62/><W132/><G132/><T17/><D96/><U110/><E107/><V119/><F119/><W48/><G48/><T4/><D59/><U10/><E10/><V133/><F133/><W66/><G111/><N who="1" m="42506" /><E88/><N who="3" m="33898" /><G93/><T84/><D67/><N who="1" m="39407" /><E82/><V39/><F95/><W6/><G12/><T37/><D37/><U34/><AGARI ba="0,0" hai="26,29,34,42,45,49,124,125" m="39407,42506" machi="34" ten="30,1100,0" yaku="14,1" doraHai="0" who="1" fromWho="1" sc="235,-3,252,11,235,-5,278,-3" /><INIT seed="3,0,0,5,2,68" ten="232,263,230,275" oya="3" hai0="115,134,34,130,117,63,77,12,112,13,128,116,49" hai1="25,102,80,18,84,2,65,28,3,57,95,42,71" hai2="53,131,64,6,75,39,76,50,61,9,46,41,23" hai3="44,122,88,31,96,17,108,82,0,123,118,113,86"/><W129/><G0/><T74/><D77/><U47/><E71/><V97/><F131/><N who="0" m="50218" /><D49/><U54/><E65/><V94/><F23/><W90/><G129/><T124/><D63/><U7/><E18/><V111/><F111/><W103/><G31/><T27/><D74/><U20/><E7/><V29/><F29/><W106/><G44/><T48/><D48/><U73/><E73/><V51/><F53/><W69/><G69/><T78/><D78/><U10/><E10/><V119/><F119/><N who="0" m="45642" /><D27/><U67/><E67/><V72/><F76/><N who="3" m="46407" /><G17/><T98/><D98/><U132/><E95/><V14/><F75/><W35/><G118/><T24/><D24/><U135/><E102/><V45/><F72/><W81/><G35/><T1/><D1/><U60/><E2/><V4/><F4/><W36/><G36/><T37/><D37/><U32/><E3/><V70/><REACH who="2" step="1"/><F46/><REACH who="2" ten="232,263,220,275" step="2"/><W89/><G108/><T100/><D34/><U92/><E32/><V109/><F109/><W66/><G66/><T30/><D30/><U107/><E28/><V56/><F56/><W133/><G133/><BYE who="3" /><T120/><D134/><U87/><E132/><UN n3="%E3%83%80%E3%83%95%E3%83%88%E3%83%91%E3%83%B3%E3%83%84" /><V19/><F19/><W105/><G113/><T5/><D5/><U22/><E135/><V121/><F121/><N who="3" m="46091" /><G81/><T21/><D120/><U52/><E80/><V93/><F93/><AGARI ba="0,1" hai="88,89,90,93,96,103,105,106" m="46091,46407" machi="93" ten="30,5800,0" yaku="34,2,54,1" doraHai="68" who="3" fromWho="2" sc="232,0,263,0,220,-58,275,68" /><INIT seed="3,1,0,5,0,37" ten="232,263,162,343" oya="3" hai0="42,25,12,72,5,30,92,3,17,39,101,90,50" hai1="27,7,102,53,19,95,49,94,124,84,6,120,93" hai2="103,13,40,38,57,63,121,133,131,123,11,77,23" hai3="32,34,132,91,56,108,68,111,59,135,128,74,54"/><W61/><G74/><T14/><D39/><U71/><E120/><V31/><F133/><N who="3" m="51275" /><G68/><T45/><D72/><U2/><E124/><V4/><F131/><W75/><G75/><T89/><D3/><U65/><E65/><V112/><F77/><W134/><N who="3" m="51283" /><W106/><DORA hai="83" /><G106/><T21/><D5/><U105/><E105/><V18/><F112/><W35/><G128/><T51/><D51/><U0/><E71/><V66/><F103/><W33/><N who="3" m="8192" /><DORA hai="44" /><W127/><G127/><T41/><D41/><U80/><E102/><V8/><F31/><W125/><G125/><T86/><D14/><U81/><E81/><V52/><F66/><N who="3" m="39207" /><G91/><N who="0" m="53367" /><D101/><U82/><E0/><V96/><F123/><W26/><G26/><T85/><D90/><U36/><E2/><V113/><F121/><W43/><G43/><T110/><D25/><U126/><E126/><V24/><F113/><W98/><G98/><T48/><D30/><U87/><E27/><V10/><REACH who="2" step="1"/><F96/><REACH who="2" ten="232,263,152,343" step="2"/><W118/><G118/><T20/><D89/><U60/><E95/><V62/><F62/><AGARI ba="1,1" hai="54,59,62,108,111" m="39207,8192,51283" machi="62" ten="80,3900,0" yaku="20,1" doraHai="37,83,44" who="3" fromWho="2" sc="232,0,263,0,152,-42,343,52" /><INIT seed="3,2,0,1,0,6" ten="232,263,110,395" oya="3" hai0="30,41,81,71,51,34,19,50,119,61,14,42,125" hai1="43,100,97,92,8,115,124,35,53,84,33,133,114" hai2="32,132,56,48,36,17,103,109,108,29,62,75,91" hai3="55,135,94,70,24,49,111,128,95,7,76,58,117"/><W22/><G117/><T28/><D119/><U86/><E124/><V134/><F36/><W54/><G70/><T68/><D125/><U123/><E123/><V10/><F75/><W11/><G111/><N who="2" m="42569" /><F103/><W25/><G128/><T80/><D14/><U40/><E53/><N who="2" m="34063" /><F91/><W2/><G135/><N who="2" m="51753" /><F48/><W21/><G76/><T1/><D61/><U38/><E38/><V120/><F120/><W74/><G74/><T37/><D37/><U126/><E100/><V104/><F104/><W73/><G73/><T88/><D88/><U26/><E133/><V9/><F17/><W63/><G63/><T83/><D19/><U46/><E126/><V57/><F57/><W89/><G54/><T90/><D90/><U72/><E72/><V96/><F96/><W47/><G58/><T20/><D81/><U18/><E18/><V118/><F118/><W116/><G116/><T66/><D66/><U39/><E97/><V87/><F87/><W0/><G89/><T110/><D110/><U98/><E98/><V27/><AGARI ba="2,0" hai="9,10,27,29,32" m="51753,34063,42569" machi="27" ten="40,8000,1" yaku="14,1,20,1,52,2" doraHai="6" who="2" fromWho="2" sc="232,-22,263,-22,110,86,395,-42" /><INIT seed="4,0,0,3,1,133" ten="210,241,196,353" oya="0" hai0="82,60,12,104,3,9,80,47,54,53,62,128,86" hai1="97,69,15,85,102,26,117,57,37,118,21,68,14" hai2="46,66,16,43,35,129,114,5,105,33,103,1,49" hai3="19,6,75,30,112,42,2,24,122,130,10,41,88"/><T92/><D104/><U55/><E37/><V70/><F129/><W8/><G122/><T113/><D113/><U27/><E85/><V107/><F114/><W108/><G112/><T44/><D3/><U52/><E57/><V120/><F120/><W34/><G75/><T77/><D128/><U109/><E21/><V56/><F107/><W74/><G74/><T4/><D92/><U121/><E97/><V135/><F135/><W48/><G130/><T64/><D82/><U28/><E121/><V40/><F40/><W58/><G108/><T79/><D79/><U111/><REACH who="1" step="1"/><E28/><REACH who="1" ten="210,231,196,353" step="2"/><V78/><F56/><W93/><G58/><N who="0" m="36887" /><D62/><U100/><AGARI ba="0,1" hai="14,15,26,27,52,55,68,69,100,102,109,111,117,118" machi="100" ten="25,8000,1" yaku="1,1,0,1,22,2,54,1,53,0" doraHai="133" doraHaiUra="125" who="1" fromWho="1" sc="210,-40,231,90,196,-20,353,-20" /><INIT seed="5,0,0,4,5,64" ten="170,321,176,333" oya="1" hai0="133,33,73,86,31,123,9,93,125,26,30,130,85" hai1="90,29,89,3,52,11,127,105,6,49,65,107,75" hai2="47,71,54,46,118,35,66,62,121,27,7,37,92" hai3="16,56,5,39,82,129,74,34,67,81,72,97,95"/><U110/><E127/><V109/><F109/><W120/><G120/><T135/><D73/><U128/><E110/><V83/><F118/><W48/><G34/><T0/><D125/><U63/><E75/><V19/><F83/><W126/><G39/><T96/><D130/><U134/><E128/><V50/><F121/><W87/><G5/><N who="0" m="1191" /><D31/><U70/><E134/><N who="0" m="51209" /><D123/><U8/><E29/><V18/><F7/><W60/><G81/><T21/><D33/><U116/><E116/><V99/><F27/><W13/><G48/><T122/><D122/><U119/><E11/><V102/><REACH who="2" step="1"/><F35/><REACH who="2" ten="170,321,166,333" step="2"/><W88/><G129/><T111/><D111/><U32/><E32/><V91/><F91/><AGARI ba="0,1" hai="21,26,30,85,86,91,93,96" m="51209,1191" machi="91" ten="30,1000,0" yaku="20,1" doraHai="64" who="0" fromWho="2" sc="170,20,321,0,166,-10,333,0" /><INIT seed="6,0,0,4,2,73" ten="190,321,156,333" oya="2" hai0="128,20,80,60,43,30,103,96,58,98,0,97,55" hai1="107,28,88,32,124,81,8,57,21,109,115,16,34" hai2="111,14,22,78,76,63,53,7,87,91,114,64,104" hai3="19,83,69,74,15,5,121,25,102,126,49,10,113"/><V31/><F111/><W89/><G121/><T75/><D0/><U131/><E109/><V70/><F104/><W129/><G69/><T66/><D128/><U39/><E39/><V84/><F114/><W13/><G129/><T44/><D55/><U51/><E131/><V24/><F84/><N who="3" m="50335" /><G74/><T127/><D127/><U36/><E36/><V41/><F41/><W105/><G105/><T42/><D103/><U35/><E107/><V72/><F72/><W122/><G122/><T118/><D118/><U85/><E115/><V2/><F2/><W132/><G132/><T94/><D94/><U71/><E71/><V50/><F7/><W125/><G102/><T4/><D4/><U135/><E135/><V130/><F14/><N who="3" m="5455" /><G113/><T112/><D112/><U48/><E28/><V59/><REACH who="2" step="1"/><F130/><REACH who="2" ten="190,321,146,333" step="2"/><W95/><G13/><T23/><D43/><U3/><E3/><V12/><F12/><W116/><G15/><T1/><D1/><U62/><E8/><V54/><F54/><W101/><G116/><T120/><D120/><U68/><E85/><V65/><F65/><W117/><G117/><T99/><D75/><U100/><E124/><V108/><F108/><W27/><G126/><T110/><D110/><U37/><E37/><V56/><F56/><W67/><G125/><T9/><D58/><U90/><E57/><V86/><F86/><W47/><G67/><T40/><D66/><U61/><E68/><V133/><F133/><W45/><G47/><T82/><D40/><U33/><E81/><AGARI ba="0,1" hai="22,24,31,50,53,59,63,64,70,76,78,81,87,91" machi="81" ten="30,11600,0" yaku="1,1,7,1,52,2,53,0" doraHai="73" doraHaiUra="93" who="2" fromWho="1" sc="190,0,321,-116,146,126,333,0" /><INIT seed="6,1,0,3,3,135" ten="190,205,272,333" oya="2" hai0="58,115,97,129,85,34,16,124,1,125,24,77,61" hai1="23,114,20,94,81,52,5,134,102,4,72,79,11" hai2="84,25,27,42,95,68,118,71,91,66,13,26,107" hai3="93,57,120,49,75,101,128,88,6,116,96,45,35"/><V106/><F118/><W113/><G120/><T87/><D1/><U9/><E114/><V119/><F119/><W64/><G116/><T80/><D115/><U32/><E32/><V51/><F66/><W130/><G113/><T110/><D110/><U36/><E36/><V121/><F121/><W73/><G35/><T117/><D117/><U108/><E108/><V65/><F65/><W69/><G6/><T21/><D129/><N who="3" m="49769" /><G69/><T55/><D34/><U62/><E134/><V53/><F42/><N who="3" m="24759" /><G101/><T8/><D8/><U22/><E5/><V60/><F60/><AGARI ba="1,0" hai="57,60,64,73,75,88,93,96" m="24759,49769" machi="60" ten="30,2000,0" yaku="19,1,54,1" doraHai="135" who="3" fromWho="2" sc="190,0,205,0,272,-23,333,23" /><INIT seed="7,0,0,3,4,124" ten="190,205,249,356" oya="3" hai0="96,27,24,26,109,88,8,6,95,7,130,93,36" hai1="63,2,133,50,14,100,82,120,62,134,65,10,48" hai2="4,111,67,72,15,17,41,73,58,99,83,128,121" hai3="125,28,106,74,59,29,20,34,97,87,68,81,104"/><W85/><G85/><N who="0" m="52367" /><D36/><U69/><E2/><V132/><F111/><W31/><G59/><T55/><D130/><U89/><E120/><V37/><F128/><W45/><G29/><T114/><D114/><U1/><E1/><V90/><F4/><N who="0" m="1578" /><D109/><U3/><E3/><V40/><F132/><N who="1" m="50793" /><E100/><V11/><F37/><W51/><G20/><T47/><D8/><U19/><E62/><V0/><F0/><W9/><G51/><N who="0" m="29183" /><D27/><U105/><E105/><V78/><F121/><W112/><G97/><T113/><D113/><U5/><E5/><V79/><F73/><W84/><G81/><T23/><D23/><U46/><E46/><V108/><F108/><W56/><G31/><T64/><D64/><U66/><E66/><V12/><F83/><W92/><G87/><AGARI ba="0,0" hai="10,14,19,48,50,63,65,69,82,87,89" m="50793" machi="87" ten="30,1000,0" yaku="20,1" doraHai="124" who="1" fromWho="3" sc="190,0,205,10,249,0,356,-10" owari="190,-31.0,215,-18.5,249,4.9,346,44.6" /></mjloggm>