<mjloggm ver="2.3"><GO type="169" lobby="0"/><UN n0="%E4%BE%8D" n1="%E3%83%A9%E3%82%A4%E3%83%96%E3%83%94%E3%83%B3%E3%82%AF" n2="%73%6F%61%6F" n3="%4D%75%64%46%6C%6F%77" dan="18,16,16,17" rate="2227.10,2119.92,2127.30,2191.53" sx="M,M,M,M"/><TAIKYOKU oya="0"/><INIT seed="0,0,0,3,2,60" ten="250,250,250,250" oya="0" hai0="29,50,74,105,122,18,85,11,135,100,14,63,17" hai1="133,25,55,62,91,79,110,126,13,89,36,51,92" hai2="97,131,24,84,35,88,28,130,66,125,3,6,86" hai3="87,80,106,121,26,82,19,115,56,45,20,30,129"/><T113/><D122/><U0/><E0/><V111/><F111/><W21/><G115/><T7/><D74/><U15/><E110/><V132/><F132/><W2/><G106/><T57/><D113/><U8/><E126/><V4/><F125/><W72/><G129/><N who="2" m="49161" /><F3/><W117/><G2/><T120/><D120/><U96/><E133/><V101/><F84/><W127/><G117/><T23/><D135/><U95/><E36/><V46/><F46/><W42/><G127/><T65/><D105/><U41/><E79/><V43/><F43/><W98/><G98/><T67/><D100/><U49/><E25/><V134/><F134/><W81/><G72/><T27/><D50/><U90/><E62/><V76/><F76/><W71/><G71/><T70/><D85/><U39/><E39/><V103/><F66/><N who="0" m="25098" /><D70/><U5/><E41/><V104/><F103/><W93/><G42/><T69/><D69/><U58/><E51/><V52/><F52/><AGARI ba="0,0" hai="7,11,14,17,18,23,27,29,52,57,63" m="25098" machi="52" ten="30,12000,1" yaku="8,1,52,3,54,1" doraHai="60" who="0" fromWho="2" sc="250,120,250,0,250,-120,250,0" /><INIT seed="0,1,0,4,4,132" ten="370,250,130,250" oya="0" hai0="17,2,70,4,107,77,66,1,50,119,88,91,45" hai1="60,111,39,130,78,106,82,68,19,98,40,90,104" hai2="74,84,15,43,117,13,124,12,83,57,0,26,97" hai3="28,25,53,87,6,16,72,96,86,37,23,9,58"/><T81/><D119/><U75/><E111/><V100/><F0/><W42/><G72/><T48/><D107/><U95/><E130/><V122/><F74/><W21/><G42/><T44/><D66/><U30/><E30/><V10/><F122/><W29/><G37/><T5/><D81/><U36/><E40/><V121/><F121/><W22/><G96/><T46/><D17/><U129/><E129/><V134/><F134/><W123/><G123/><T52/><D70/><U105/><E19/><V18/><F43/><W125/><G125/><T109/><D109/><U89/><E89/><N who="0" m="34377" /><D52/><U11/><REACH who="1" step="1"/><E11/><REACH who="1" ten="370,240,130,250" step="2"/><V85/><F18/><W118/><G29/><T120/><D120/><U33/><E33/><V8/><F10/><W93/><G28/><T101/><D101/><U32/><E32/><V112/><F8/><W69/><G9/><T79/><D1/><U127/><E127/><V47/><F124/><W54/><G16/><T94/><D2/><U103/><E103/><V20/><F100/><W113/><G22/><T59/><D94/><U31/><E31/><V92/><F20/><W76/><G93/><T115/><D4/><U80/><E80/><V24/><F92/><W55/><G6/><T114/><D5/><U102/><E102/><V38/><F83/><W67/><G21/><T61/><D79/><U35/><E35/><V63/><F117/><W126/><G76/><T3/><D77/><U49/><E49/><N who="0" m="19049" /><D3/><U62/><E62/><V27/><F63/><W99/><G118/><T116/><D116/><U128/><E128/><V7/><F7/><W34/><G34/><RYUUKYOKU ba="1,1" sc="370,15,240,15,130,-15,250,-15" hai0="44,45,46,59,61,114,115" hai1="36,39,60,68,75,78,82,90,95,98,104,105,106" /><INIT seed="0,2,1,2,0,59" ten="385,255,115,235" oya="0" hai0="68,1,12,55,99,30,84,121,107,58,131,116,117" hai1="76,124,93,25,17,3,46,69,67,39,22,4,101" hai2="40,122,132,65,118,108,83,48,10,66,120,33,5" hai3="63,44,38,90,32,51,112,16,2,89,97,126,41"/><T50/><D121/><U29/><E124/><V103/><F33/><W113/><G2/><T47/><D1/><U98/><E76/><V15/><F108/><W56/><G32/><T9/><D68/><U20/><E69/><V129/><F132/><W109/><G109/><T37/><D131/><U26/><E67/><V115/><F115/><W100/><G126/><T23/><D84/><U13/><E39/><V79/><F129/><W74/><G74/><T96/><D107/><U88/><E3/><V49/><F103/><W34/><G34/><T14/><D117/><U53/><E46/><V7/><F118/><W130/><G130/><T125/><D125/><U36/><E36/><V24/><F24/><W11/><G38/><T81/><D81/><U95/><E53/><V110/><F5/><W64/><G112/><T105/><D105/><U135/><E135/><V60/><F66/><W35/><G35/><T94/><D99/><U70/><E70/><V123/><F40/><W61/><G113/><T31/><D23/><U80/><E80/><V111/><F111/><W19/><G63/><N who="0" m="36319" /><D37/><U114/><E114/><V104/><F104/><W82/><G82/><T6/><D12/><U86/><E13/><V57/><REACH who="2" step="1"/><F110/><REACH who="2" ten="385,255,105,235" step="2"/><W8/><G100/><N who="0" m="60439" /><D116/><U28/><E4/><V62/><F62/><W102/><G102/><T72/><D72/><AGARI ba="2,2" hai="7,10,15,48,49,57,60,65,72,79,83,120,122,123" machi="72" ten="40,2600,0" yaku="1,1,52,1,53,0" doraHai="59" doraHaiUra="127" who="2" fromWho="0" sc="385,-32,255,0,105,52,235,0" /><INIT seed="1,0,0,2,4,44" ten="353,255,157,235" oya="1" hai0="31,75,30,45,25,103,47,35,83,36,101,120,100" hai1="22,78,17,24,93,89,12,130,111,95,77,68,39" hai2="33,42,26,18,126,91,52,37,109,69,10,40,11" hai3="19,81,108,102,62,58,4,79,28,134,61,14,29"/><U110/><E39/><V20/><F109/><N who="1" m="41481" /><E68/><V57/><F69/><W71/><G134/><T85/><D75/><U96/><E130/><V5/><F126/><W0/><G108/><T128/><D128/><U56/><E56/><V2/><F37/><W63/><G102/><T43/><D120/><U51/><E95/><V117/><F117/><W70/><G70/><T64/><D64/><U38/><E38/><V88/><F33/><W87/><G71/><T53/><D31/><N who="1" m="17815" /><E51/><V9/><F5/><W6/><G0/><T97/><D53/><U116/><E116/><V1/><F1/><W112/><G112/><T60/><D47/><U133/><E133/><V13/><F2/><W127/><G127/><T65/><D60/><U104/><E104/><V84/><F13/><W8/><G58/><T15/><D65/><U23/><AGARI ba="0,0" hai="12,17,23,77,78,89,93,96" m="17815,41481" machi="23" ten="30,3000,0" yaku="14,1,10,1" doraHai="44" who="1" fromWho="1" sc="353,-10,255,30,157,-10,235,-10" /><INIT seed="1,1,0,2,3,133" ten="343,285,147,225" oya="1" hai0="106,113,54,10,63,42,1,53,25,11,93,97,3" hai1="67,9,94,100,102,45,56,49,121,75,124,89,123" hai2="66,81,74,59,38,34,122,61,58,116,24,29,47" hai3="32,118,51,8,43,35,73,41,105,33,30,72,0"/><U19/><E75/><V120/><F116/><W21/><G105/><T31/><D106/><U114/><E114/><V125/><F59/><W83/><G118/><T82/><D113/><U87/><E67/><V84/><F74/><W36/><G36/><T39/><D82/><U16/><E56/><V107/><F107/><W52/><G72/><T15/><D39/><U76/><E76/><V112/><F112/><W104/><G104/><T40/><D1/><U20/><E124/><V60/><F60/><W86/><G73/><T115/><D10/><U65/><E65/><V46/><F125/><W128/><G21/><N who="0" m="15791" /><D3/><U18/><E20/><V17/><F17/><W37/><G30/><T98/><D98/><U26/><E26/><V131/><F131/><W79/><G37/><T80/><D80/><U55/><REACH who="1" step="1"/><E9/><REACH who="1" ten="343,275,147,225" step="2"/><V70/><F58/><W92/><G8/><T2/><D11/><U85/><E85/><V22/><F22/><W99/><G0/><T7/><D2/><U135/><E135/><V50/><F84/><W96/><G128/><T132/><D132/><U64/><E64/><V90/><F66/><W62/><G35/><T12/><D12/><U28/><E28/><V110/><F29/><W71/><G32/><T5/><D15/><U57/><E57/><V108/><F34/><W134/><G33/><T6/><D115/><U130/><E130/><V95/><F24/><W88/><G134/><T4/><D4/><U103/><AGARI ba="1,1" hai="16,18,19,45,49,55,87,89,94,100,102,103,121,123" machi="103" ten="30,6000,0" yaku="1,1,0,1,54,1,53,0" doraHai="133" doraHaiUra="78" who="1" fromWho="1" sc="343,-21,275,73,147,-21,225,-21" /><INIT seed="1,2,0,5,5,82" ten="322,348,126,204" oya="1" hai0="74,27,45,119,110,15,11,135,118,100,35,19,46" hai1="107,125,115,2,60,96,132,83,34,20,49,61,122" hai2="8,55,57,52,78,44,0,18,99,111,37,121,124" hai3="59,117,50,92,120,9,28,30,134,7,22,53,112"/><U95/><E122/><V23/><F111/><W93/><G112/><T63/><D74/><U128/><E115/><V51/><F121/><W130/><G120/><T75/><D75/><U116/><E116/><V26/><F124/><W80/><G130/><T24/><D100/><U29/><E34/><V40/><F78/><W32/><G32/><T102/><D102/><U1/><E107/><V6/><F55/><W72/><G134/><T47/><D135/><U90/><E125/><V67/><REACH who="2" step="1"/><F99/><REACH who="2" ten="322,348,116,204" step="2"/><W33/><G53/><T70/><D110/><U84/><E128/><V41/><F41/><W113/><G113/><T105/><D119/><U97/><E132/><V36/><F36/><W69/><G117/><T98/><D118/><U87/><E96/><V114/><F114/><W104/><G72/><T77/><D77/><U62/><E97/><V127/><F127/><W123/><G123/><T48/><D98/><U129/><E129/><V76/><F76/><W133/><G104/><T66/><D105/><U89/><REACH who="1" step="1"/><E49/><REACH who="1" ten="322,338,116,204" step="2"/><V17/><F17/><W38/><G50/><T126/><D126/><U64/><E64/><AGARI ba="2,2" hai="0,6,8,18,23,26,37,40,44,51,52,57,64,67" machi="64" ten="40,2600,0" yaku="1,1,54,1,53,0" doraHai="82" doraHaiUra="108" who="2" fromWho="1" sc="322,0,338,-32,116,52,204,0" /><INIT seed="2,0,0,2,4,8" ten="322,306,168,204" oya="2" hai0="41,129,124,46,100,33,3,5,85,35,12,80,106" hai1="31,76,64,125,42,9,7,63,84,61,119,135,77" hai2="40,89,53,45,113,13,117,87,23,94,99,83,73" hai3="58,19,121,127,72,116,95,6,123,78,69,79,16"/><V57/><F113/><W4/><G116/><T91/><D3/><U28/><E119/><V109/><F73/><W128/><G69/><T133/><D124/><U88/><E125/><V105/><F105/><W20/><G127/><T68/><D68/><U65/><E135/><V25/><F117/><W130/><G95/><T92/><D106/><U38/><E42/><V60/><F109/><W0/><G58/><T43/><D43/><U111/><E38/><V22/><F25/><W32/><G32/><T118/><D129/><N who="3" m="49769" /><G0/><T81/><D81/><U17/><E17/><N who="3" m="6730" /><G20/><T110/><D110/><U51/><E111/><V56/><F56/><W132/><G72/><T55/><D92/><U97/><E97/><V126/><F126/><W50/><G50/><T134/><D118/><U26/><E51/><N who="2" m="27047" /><F13/><W66/><G66/><T120/><D35/><U21/><E65/><V11/><F11/><W24/><G24/><T122/><D33/><U47/><E64/><V44/><F44/><W98/><G98/><T27/><D27/><U107/><E47/><V36/><F36/><W30/><G30/><T131/><D131/><U90/><E31/><V108/><F108/><W101/><G132/><N who="0" m="50795" /><D41/><U39/><E39/><V18/><F18/><W37/><G37/><T104/><D46/><U1/><E107/><V70/><F70/><W2/><G2/><T96/><D55/><U52/><E52/><V14/><F14/><W103/><G121/><T82/><D82/><U48/><E28/><V10/><F10/><AGARI ba="0,0" hai="5,10,12,80,85,91,96,100,104,120,122" m="50795" machi="10" ten="30,2000,0" yaku="20,1,52,1" doraHai="8" who="0" fromWho="2" sc="322,20,306,0,168,-20,204,0" /><INIT seed="3,0,0,0,1,92" ten="342,306,148,204" oya="3" hai0="53,129,15,95,98,21,104,6,66,80,9,62,61" hai1="5,113,106,121,119,49,133,101,41,120,107,0,60" hai2="102,109,32,116,117,11,14,20,16,87,51,26,126" hai3="38,24,59,81,37,47,42,54,65,46,4,82,99"/><W63/><G4/><T131/><D104/><U132/><E113/><V105/><F109/><W67/><G24/><T69/><D80/><U124/><E124/><V36/><F36/><W43/><G99/><T1/><D53/><U111/><E111/><V100/><F126/><W56/><G81/><T22/><D61/><U18/><E18/><V73/><F73/><W52/><G82/><T115/><D115/><U110/><E110/><V30/><F87/><W10/><G10/><T29/><D29/><U88/><E60/><AGARI ba="0,0" hai="37,38,42,43,46,47,52,54,56,59,60,63,65,67" machi="60" ten="30,36000,4" yaku="7,1,32,3,35,6,54,1" doraHai="92" who="3" fromWho="1" sc="342,0,306,-360,148,0,204,360" owari="342,14.2,-54,-55.4,148,-25.2,564,66.4" /></mjloggm>