<mjloggm ver="2.3"><GO type="169" lobby="0"/><UN n0="%E3%82%A2%E3%83%AC%E3%82%88%E3%80%81%E3%82%A2%E3%83%AC%E3%82%A2%E3%83%AC" n1="%E9%A2%A8%E8%A6%8B%E7%A7%8B%E6%BE%A4" n2="%E3%82%B0%E3%83%B3%E3%83%80%E3%83%AA%E3%83%BC" n3="%68%7A%63" dan="16,17,19,18" rate="2102.67,2134.21,2287.66,2228.95" sx="M,M,M,F"/><TAIKYOKU oya="0"/><INIT seed="0,0,0,1,1,121" ten="250,250,250,250" oya="0" hai0="1,48,4,6,113,86,31,40,112,16,67,71,87" hai1="80,52,109,93,129,130,2,99,25,18,107,91,10" hai2="41,27,47,61,22,8,62,36,60,125,58,92,46" hai3="73,104,39,72,103,45,83,21,76,132,70,38,11"/><T102/><D31/><U89/><E107/><V88/><F125/><W119/><G21/><T20/><D102/><U135/><E135/><V44/><F8/><W85/><G85/><T32/><D32/><U98/><E2/><V15/><F15/><W97/><G132/><T33/><D33/><U14/><E25/><V82/><F82/><W29/><G29/><T114/><D67/><U105/><E109/><V59/><F41/><W42/><G119/><T63/><D71/><U101/><E80/><V116/><F36/><W28/><G28/><T69/><D63/><U66/><E66/><V120/><F120/><W78/><G11/><T23/><D23/><U0/><E0/><V7/><F7/><W55/><G55/><T122/><D69/><U118/><E118/><V90/><F116/><W37/><G70/><T13/><D122/><U124/><E124/><V26/><F22/><W34/><G34/><T56/><D56/><N who="2" m="21546" /><F92/><W5/><G5/><T9/><REACH who="0" step="1"/><D4/><REACH who="0" ten="240,250,250,250" step="2"/><U127/><E127/><V43/><F43/><W131/><G42/><T108/><D108/><U12/><E52/><V77/><F77/><W84/><G78/><T50/><D50/><U128/><E91/><AGARI ba="0,1" hai="26,27,44,46,47,60,61,62,88,90,91" m="21546" machi="91" ten="40,8000,1" yaku="28,2,8,1,54,1" doraHai="121" who="2" fromWho="1" sc="240,0,250,-80,250,90,250,0" /><INIT seed="1,0,0,5,3,62" ten="240,170,340,250" oya="1" hai0="100,110,128,129,22,11,77,72,134,91,88,89,27" hai1="2,10,9,92,26,29,19,126,78,1,64,123,131" hai2="120,61,111,117,30,38,6,76,59,39,73,12,74" hai3="122,104,24,56,112,54,45,36,79,85,93,106,81"/><U82/><E123/><V31/><F117/><W65/><G112/><T103/><D11/><U94/><E131/><N who="0" m="50249" /><D110/><U95/><E126/><V60/><F59/><W34/><G122/><T115/><D115/><U50/><E50/><V118/><F12/><W105/><G93/><T71/><D71/><U121/><E121/><V35/><F76/><W28/><G36/><T25/><D134/><U5/><E19/><V67/><F120/><W97/><G45/><T21/><D77/><U16/><E64/><V14/><F14/><W33/><G33/><T116/><D72/><U108/><E108/><V58/><F58/><W114/><G114/><T3/><D3/><U69/><E69/><V47/><F47/><W40/><G40/><T124/><D116/><U15/><E1/><V84/><F6/><W46/><G46/><T43/><D43/><U53/><E53/><V132/><F132/><W32/><G32/><T4/><D4/><U20/><REACH who="1" step="1"/><E94/><REACH who="1" ten="240,160,340,250" step="2"/><V87/><F111/><W55/><G55/><T127/><D124/><U18/><E18/><V83/><F118/><W90/><G65/><T0/><D0/><U41/><E41/><V86/><F67/><W51/><G106/><T125/><D127/><U119/><E119/><V17/><F17/><W48/><G51/><T75/><D125/><U113/><E113/><V44/><F60/><W42/><G42/><T101/><D75/><AGARI ba="0,1" hai="2,5,9,10,15,16,20,26,29,75,78,82,92,95" machi="75" ten="30,5800,0" yaku="1,1,7,1,54,1,53,0" doraHai="62" doraHaiUra="98" who="1" fromWho="0" sc="240,-58,160,68,340,0,250,0" /><INIT seed="1,1,0,4,2,119" ten="182,228,340,250" oya="1" hai0="15,126,11,26,115,35,110,78,38,91,53,93,120" hai1="80,95,68,127,130,123,69,25,62,54,8,101,94" hai2="84,73,27,22,18,71,72,59,75,74,125,102,99" hai3="96,58,56,44,32,29,43,6,118,67,132,124,9"/><U7/><E130/><V2/><F125/><W81/><G118/><T129/><D115/><U31/><E127/><V64/><F2/><W48/><G124/><T70/><D126/><U37/><E37/><V87/><N who="2" m="18432" /><DORA hai="16" /><V61/><REACH who="2" step="1"/><F71/><REACH who="2" ten="182,228,330,250" step="2"/><W19/><G132/><T82/><D70/><U52/><E69/><V3/><F3/><W49/><G6/><T63/><D129/><U128/><E68/><V42/><F42/><W106/><G43/><T33/><D110/><U105/><E128/><V108/><F108/><W131/><G131/><T60/><D33/><U116/><E116/><V135/><F135/><W90/><G32/><T109/><D35/><U47/><E7/><V36/><F36/><W21/><G106/><AGARI ba="1,1" hai="18,22,27,59,61,64,84,87,99,102,106" m="18432" machi="106" ten="70,8000,1" yaku="1,1,52,1,53,2" doraHai="119,16" doraHaiUra="13,23" who="2" fromWho="3" sc="182,0,228,0,330,93,250,-83" /><INIT seed="2,0,0,0,0,117" ten="182,228,423,167" oya="2" hai0="41,8,89,32,11,60,70,3,64,1,124,133,61" hai1="110,104,74,91,17,48,5,132,105,69,26,59,24" hai2="38,95,134,88,55,79,39,106,72,49,122,81,27" hai3="108,126,0,36,75,100,80,34,92,103,28,6,57"/><V118/><F134/><W44/><G108/><T25/><D133/><U114/><E110/><V31/><F118/><W99/><G126/><T123/><D124/><U125/><E69/><V67/><F122/><W76/><G57/><T14/><D41/><U102/><E114/><V35/><F67/><W116/><G116/><T130/><D123/><U84/><E5/><V119/><F106/><W19/><G19/><T9/><D130/><U121/><E104/><V65/><F65/><W112/><G112/><T22/><D61/><U107/><E107/><V97/><REACH who="2" step="1"/><F119/><REACH who="2" ten="182,228,413,167" step="2"/><W62/><G62/><T40/><D60/><U98/><E121/><V87/><F87/><W71/><G75/><T43/><D64/><U66/><E66/><V12/><F12/><W115/><G115/><T37/><D14/><U16/><E74/><V21/><F21/><W120/><G120/><T13/><D22/><U83/><E132/><V29/><F29/><W53/><G28/><T56/><D13/><U82/><E125/><V73/><F73/><W129/><G71/><T58/><D70/><U96/><E105/><V33/><F33/><W45/><G129/><T7/><D32/><U10/><E84/><V23/><F23/><W30/><G30/><T54/><D3/><U4/><E26/><V127/><F127/><W42/><G34/><T113/><D25/><U135/><E24/><V20/><F20/><W93/><G0/><T94/><D113/><U47/><E135/><V2/><F2/><W52/><G99/><T50/><D1/><U15/><E96/><V90/><F90/><W101/><G101/><RYUUKYOKU ba="0,1" sc="182,-10,228,-10,413,30,167,-10" hai2="27,31,35,38,39,49,55,72,79,81,88,95,97" /><INIT seed="2,1,1,3,5,118" ten="172,218,443,157" oya="2" hai0="3,0,133,64,81,21,98,103,47,113,26,17,40" hai1="8,96,33,1,65,19,91,25,5,68,114,120,88" hai2="124,79,34,30,125,132,51,123,109,76,39,32,44" hai3="92,29,100,16,63,38,127,85,36,116,128,73,70"/><V43/><F132/><W86/><G73/><T45/><D113/><U93/><E114/><V57/><F123/><W4/><G116/><T54/><D133/><U82/><E68/><V126/><F109/><W90/><G127/><T69/><D69/><U9/><E65/><V130/><F130/><W62/><G128/><T2/><D64/><U105/><E105/><V37/><F57/><W6/><G29/><T107/><D54/><U7/><E120/><V28/><F28/><W106/><G106/><T50/><D45/><U77/><E33/><N who="2" m="12907" /><F30/><W101/><G92/><T59/><D59/><U95/><E25/><V56/><F56/><W135/><G70/><T20/><D81/><U122/><E19/><V99/><F99/><W72/><G72/><T71/><D71/><U94/><E122/><V129/><F129/><W12/><G12/><T110/><REACH who="0" step="1"/><D20/><REACH who="0" ten="162,218,443,157" step="2"/><U10/><E9/><V75/><F75/><W78/><G135/><T42/><D42/><U35/><E35/><V22/><F22/><W15/><G38/><AGARI ba="1,2" hai="37,38,39,43,44,51,76,79,124,125,126" m="12907" machi="38" ten="40,2000,0" yaku="18,1" doraHai="118" who="2" fromWho="3" sc="162,0,218,0,443,43,157,-23" /><INIT seed="2,2,0,3,1,39" ten="162,218,486,134" oya="2" hai0="36,62,26,31,23,115,69,123,48,64,59,42,79" hai1="86,30,94,8,124,76,132,84,122,88,54,127,106" hai2="11,49,33,25,52,131,37,51,109,29,19,130,96" hai3="110,87,43,72,61,6,128,90,112,14,50,4,38"/><V100/><F37/><W103/><G72/><T92/><D115/><U121/><E30/><V35/><F35/><W9/><G38/><T24/><D123/><N who="1" m="47115" /><E8/><V1/><F109/><W91/><G112/><T34/><D79/><U74/><E54/><V16/><F51/><W68/><G110/><T63/><D36/><U97/><E132/><V15/><F1/><W7/><G103/><T95/><D63/><U77/><E74/><V70/><F70/><W78/><G128/><N who="2" m="49193" /><F15/><W12/><G68/><T104/><D104/><U0/><E0/><V75/><F11/><N who="3" m="4223" /><G61/><T18/><REACH who="0" step="1"/><D59/><REACH who="0" ten="152,218,486,134" step="2"/><U58/><E58/><N who="2" m="33039" /><F75/><W134/><G134/><T10/><D10/><U57/><E57/><V135/><F135/><W113/><G113/><T118/><D118/><U67/><E106/><AGARI ba="2,1" hai="16,19,25,29,33,96,100,106" m="33039,49193" machi="106" ten="30,5800,0" yaku="19,1,54,2" doraHai="39" who="2" fromWho="1" sc="152,0,218,-64,486,74,134,0" /><INIT seed="2,3,0,4,3,47" ten="152,154,560,134" oya="2" hai0="45,57,73,109,77,20,113,126,127,93,92,124,51" hai1="18,62,104,135,44,46,114,8,50,7,42,119,105" hai2="65,52,115,89,27,82,39,86,83,21,129,79,134" hai3="118,122,37,100,16,5,102,132,13,96,107,67,84"/><V31/><F129/><W91/><G118/><T99/><D113/><U0/><E114/><V74/><F134/><W108/><G122/><T59/><D109/><U14/><E119/><V48/><F115/><W15/><G37/><T116/><D116/><U131/><E131/><V49/><F39/><W28/><G108/><T69/><D69/><U101/><E135/><V29/><F65/><W30/><G132/><T106/><D20/><U26/><E101/><V38/><F38/><W10/><G67/><T61/><D106/><U41/><E62/><V98/><F31/><W72/><G72/><T55/><D99/><U71/><E71/><V40/><F40/><W95/><REACH who="3" step="1"/><G102/><REACH who="3" ten="152,154,560,124" step="2"/><T120/><D120/><U85/><E85/><N who="2" m="50359" /><F74/><W36/><G36/><T110/><D110/><U35/><E42/><V94/><F52/><W130/><G130/><T70/><D73/><U76/><E41/><V17/><F29/><W58/><G58/><T128/><D128/><U19/><E44/><V23/><F23/><AGARI ba="3,1" hai="5,10,13,15,16,23,28,30,84,91,95,96,100,107" machi="23" ten="30,3900,0" yaku="1,1,7,1,54,1,53,0" doraHai="47" doraHaiUra="32" who="3" fromWho="2" sc="152,0,154,0,560,-48,124,58" /><INIT seed="3,0,0,3,3,6" ten="152,154,512,182" oya="3" hai0="103,33,63,9,127,112,129,8,121,12,128,68,64" hai1="16,133,47,28,57,93,34,17,61,119,70,113,13" hai2="21,24,73,86,55,71,40,125,41,92,118,116,56" hai3="26,131,67,90,135,111,66,123,126,109,14,3,97"/><W48/><G123/><T59/><D121/><U78/><E113/><V36/><F73/><W102/><G3/><T5/><D33/><U65/><E133/><V45/><F71/><W77/><G135/><T98/><D112/><U35/><E119/><V101/><F41/><W120/><G120/><T117/><D117/><U53/><E28/><V82/><F92/><W75/><G90/><T51/><D127/><U54/><E17/><V80/><F101/><W29/><G126/><T105/><D51/><U7/><E7/><V4/><F4/><W15/><G48/><T44/><D44/><U99/><E47/><V85/><F85/><W72/><G131/><N who="0" m="50251" /><D8/><U100/><E78/><V110/><F82/><N who="3" m="45351" /><G75/><T39/><D39/><U104/><E104/><V89/><F125/><W60/><G14/><T52/><D68/><U122/><E122/><V10/><F118/><W23/><G15/><T19/><D5/><U107/><E107/><V43/><F36/><W42/><G42/><T11/><D11/><U79/><E79/><V2/><F40/><W31/><G31/><T134/><D134/><U114/><E114/><V124/><F43/><W37/><G37/><T74/><D74/><U106/><E106/><V27/><F2/><W69/><G67/><AGARI ba="0,0" hai="9,12,19,52,59,63,64,67,98,103,105" m="50251" machi="67" ten="30,3900,0" yaku="19,1,52,1,54,1" doraHai="6" who="0" fromWho="3" sc="152,39,154,0,512,0,182,-39" /><INIT seed="4,0,0,4,4,113" ten="191,154,512,143" oya="0" hai0="21,27,73,9,99,128,131,3,121,88,125,2,25" hai1="134,89,80,32,107,67,82,86,98,97,64,120,132" hai2="36,20,16,30,45,83,90,101,110,84,54,95,75" hai3="94,116,44,133,79,130,53,135,43,81,29,69,100"/><T119/><D73/><U10/><E32/><V122/><F110/><W8/><G69/><T106/><D121/><U35/><E35/><V23/><F36/><W87/><G29/><T112/><D112/><U46/><E120/><V56/><F45/><W127/><G53/><T24/><D125/><U96/><E10/><V60/><F122/><W47/><G127/><T18/><D106/><U55/><E107/><V102/><F75/><W28/><G28/><T115/><D115/><U39/><E82/><V124/><F124/><W76/><G76/><T38/><D38/><U129/><E129/><N who="0" m="49737" /><D119/><U51/><REACH who="1" step="1"/><E39/><REACH who="1" ten="191,144,512,143" step="2"/><V42/><F83/><N who="3" m="47615" /><G130/><T118/><D118/><U111/><E111/><V19/><F42/><W109/><G81/><T13/><D9/><U61/><E61/><V68/><F68/><W31/><G109/><T41/><D41/><U117/><E117/><V70/><F70/><W59/><G116/><T40/><D40/><U15/><E15/><N who="2" m="9247" /><F30/><W123/><G31/><T50/><D50/><U65/><AGARI ba="0,1" hai="46,51,55,64,65,67,80,86,89,96,97,98,132,134" machi="65" ten="40,2700,0" yaku="1,1,0,1,53,0" doraHai="113" doraHaiUra="17" who="1" fromWho="1" sc="191,-13,144,37,512,-7,143,-7" /><INIT seed="5,0,0,1,5,41" ten="178,181,505,136" oya="1" hai0="86,63,95,85,54,40,115,133,69,89,87,126,62" hai1="77,130,16,124,25,128,68,39,53,19,60,106,0" hai2="33,20,117,92,6,119,109,122,103,48,59,14,108" hai3="31,1,5,9,13,97,74,67,8,78,102,56,10"/><U93/><E106/><V129/><F92/><W121/><G121/><T2/><D2/><U61/><E0/><V42/><F59/><W35/><G35/><T58/><D115/><U52/><E124/><V23/><F103/><W91/><G31/><T105/><D105/><U7/><E7/><V43/><F48/><W44/><G91/><T57/><D126/><U135/><E39/><V100/><F100/><W38/><G13/><T26/><D69/><U132/><E25/><V83/><F83/><N who="3" m="45527" /><G56/><T90/><D133/><N who="1" m="51275" /><E77/><V127/><F129/><N who="1" m="49769" /><E93/><V75/><F6/><W34/><G34/><T79/><D79/><U120/><E120/><V3/><F3/><W22/><G5/><T27/><D40/><U28/><E28/><V98/><F33/><W17/><G1/><T82/><REACH who="0" step="1"/><D85/><REACH who="0" ten="168,181,505,136" step="2"/><U11/><E68/><V116/><F127/><W123/><G123/><T24/><D24/><U55/><E11/><V94/><F122/><W99/><G10/><T70/><D70/><U46/><E46/><V112/><F117/><W80/><G9/><T36/><D36/><U131/><E131/><V96/><F116/><W134/><G8/><T30/><D30/><U15/><E15/><V110/><F119/><W81/><G134/><T101/><D101/><U66/><E66/><AGARI ba="0,1" hai="26,27,54,57,58,62,63,66,82,86,87,89,90,95" machi="66" ten="30,3900,0" yaku="1,1,7,1,8,1,53,0" doraHai="41" doraHaiUra="118" who="0" fromWho="1" sc="168,49,181,-39,505,0,136,0" /><INIT seed="6,0,0,1,3,50" ten="217,142,505,136" oya="2" hai0="114,65,101,32,85,109,117,78,15,51,105,38,0" hai1="62,58,73,107,21,16,123,102,108,132,12,28,59" hai2="80,115,9,7,64,45,131,75,126,83,1,35,26" hai3="56,44,120,104,42,96,88,55,37,8,20,118,113"/><V82/><F126/><W29/><G118/><T3/><D109/><U13/><E108/><V69/><F131/><W47/><G120/><T91/><D38/><U22/><E132/><V34/><F64/><W79/><G113/><T6/><D78/><U95/><E73/><V48/><F69/><W94/><G79/><T49/><D32/><U63/><E107/><V25/><F75/><W4/><G104/><T130/><D65/><N who="1" m="39127" /><E123/><V61/><F61/><W68/><G68/><T76/><D76/><U39/><E39/><V40/><F115/><W5/><G47/><T27/><D101/><U122/><E122/><V135/><F135/><W2/><G4/><T100/><D100/><U72/><E72/><V66/><F66/><W134/><G134/><T52/><D6/><U14/><E28/><V23/><REACH who="2" step="1"/><F26/><REACH who="2" ten="217,142,495,136" step="2"/><W60/><G29/><AGARI ba="0,1" hai="1,7,9,23,25,29,34,35,40,45,48,80,82,83" machi="29" ten="40,3900,0" yaku="1,1,2,1,53,0" doraHai="50" doraHaiUra="119" who="2" fromWho="3" sc="217,0,142,0,495,49,136,-39" /><INIT seed="6,1,0,2,3,12" ten="217,142,544,97" oya="2" hai0="115,51,47,122,102,0,96,103,98,36,32,41,40" hai1="123,101,56,124,79,55,93,2,53,77,28,100,1" hai2="121,10,30,88,66,130,127,21,26,62,85,57,52" hai3="83,44,97,64,4,33,16,42,60,17,78,43,74"/><V94/><F127/><W38/><G33/><T34/><D122/><U37/><E28/><V120/><F130/><W69/><G43/><T61/><D0/><U49/><E37/><V68/><REACH who="2" step="1"/><F10/><REACH who="2" ten="217,142,534,97" step="2"/><W5/><REACH who="3" step="1"/><G97/><REACH who="3" ten="217,142,534,87" step="2"/><T14/><D98/><U95/><E124/><V11/><F11/><W117/><G117/><T118/><D96/><U70/><E123/><V8/><F8/><W19/><AGARI ba="1,2" hai="4,5,16,17,19,38,42,44,60,64,69,74,78,83" machi="19" ten="30,12000,2" yaku="1,1,0,1,52,3,54,1,53,1" doraHai="12" doraHaiUra="63" who="3" fromWho="3" sc="217,-31,142,-31,534,-61,87,143" /><INIT seed="7,0,0,4,2,67" ten="186,111,473,230" oya="3" hai0="84,31,101,103,53,66,131,4,32,54,95,9,129" hai1="58,40,48,44,123,30,78,133,46,132,5,1,83" hai2="18,125,128,102,13,79,111,29,33,49,65,119,110" hai3="130,80,77,12,105,22,99,41,71,23,114,126,93"/><W43/><G71/><T61/><D31/><U62/><E123/><V19/><F119/><W38/><G23/><T8/><D32/><U96/><E30/><V92/><F19/><W98/><G22/><T97/><D101/><U27/><E27/><V68/><F49/><W45/><G93/><T17/><D17/><U107/><E46/><V21/><F79/><W10/><G80/><T104/><D84/><U16/><E96/><V108/><F102/><W116/><G10/><T124/><D104/><U86/><E107/><V94/><F125/><W115/><G12/><T56/><D124/><U3/><E5/><V72/><F72/><W47/><G99/><T37/><D37/><U34/><E34/><V75/><F75/><W73/><G98/><T113/><D113/><U2/><E16/><V76/><F76/><W36/><G105/><T11/><D4/><U90/><E78/><V63/><REACH who="2" step="1"/><F128/><AGARI ba="0,0" hai="8,9,11,53,54,56,61,66,95,97,103,128,129,131" machi="128" ten="40,1300,0" yaku="19,1" doraHai="67" who="0" fromWho="2" sc="186,13,111,0,473,-13,230,0" owari="199,-20.1,111,-38.9,460,56.0,230,3.0" /></mjloggm>