<mjloggm ver="2.3"><GO type="169" lobby="0"/><UN n0="%6E%6F%73%75%6B%65" n1="%E3%82%B5%E3%83%96%E3%82%A2%E3%83%A9%E3%83%89" n2="%E3%81%95%E3%82%93%E3%81%84%E3%81%A1%E3%82%8D%E3%81%8F%E3%81%94" n3="%E4%BA%BA%E7%8B%BC" dan="17,16,17,16" rate="2177.55,2035.26,2090.96,2049.61" sx="M,M,M,M"/><TAIKYOKU oya="0"/><INIT seed="0,0,0,4,1,52" ten="250,250,250,250" oya="0" hai0="21,87,49,36,113,41,104,115,105,123,86,101,4" hai1="97,120,119,77,122,24,29,42,22,3,66,75,108" hai2="121,17,106,94,38,26,39,90,63,31,44,131,43" hai3="71,19,34,116,47,25,20,103,130,85,45,112,28"/><T30/><D123/><U76/><E119/><V127/><F121/><W114/><G116/><T59/><D4/><U84/><E108/><V56/><F127/><W40/><G130/><T13/><D36/><U27/><E75/><V110/><F131/><W128/><G128/><T64/><D41/><U2/><E97/><V69/><F106/><W88/><G103/><T11/><D11/><U57/><E42/><V73/><F73/><W79/><G71/><T50/><D50/><U51/><E27/><V18/><F69/><W7/><G7/><T124/><D124/><U81/><E77/><V93/><F39/><W6/><G79/><T53/><D64/><U32/><E32/><V92/><F90/><W82/><G6/><T125/><D125/><U78/><E78/><V8/><F8/><W46/><REACH who="3" step="1"/><G40/><REACH who="3" ten="250,250,250,240" step="2"/><T133/><D101/><U83/><E122/><V99/><F110/><W134/><G134/><T80/><D133/><U74/><E120/><V0/><F0/><W61/><G61/><T72/><D115/><U37/><E37/><V107/><F107/><W15/><AGARI ba="0,1" hai="15,19,20,25,28,34,45,46,47,82,85,88,112,114" machi="15" ten="30,4000,0" yaku="1,1,0,1,54,1,53,0" doraHai="52" doraHaiUra="60" who="3" fromWho="3" sc="250,-20,250,-10,250,-10,240,50" /><INIT seed="1,0,0,2,3,46" ten="230,240,240,290" oya="1" hai0="38,72,110,44,17,80,21,86,1,78,124,36,99" hai1="73,98,50,39,15,51,65,5,82,55,56,107,70" hai2="53,29,83,91,45,105,115,131,127,87,30,117,97" hai3="74,81,4,26,96,11,88,84,135,16,60,113,92"/><U134/><E39/><V12/><F117/><W118/><G113/><T129/><D110/><U9/><E134/><V31/><F127/><W128/><G128/><T121/><D129/><U3/><E3/><V42/><F131/><W67/><G135/><T43/><D124/><U93/><E107/><V119/><F119/><W100/><G118/><T114/><D114/><U94/><E70/><V90/><F115/><W77/><G26/><T27/><D121/><U123/><E65/><V2/><F2/><W10/><G4/><T76/><D1/><U40/><E123/><V49/><F12/><W20/><G74/><T13/><D99/><U126/><E126/><V79/><REACH who="2" step="1"/><F42/><REACH who="2" ten="230,240,230,290" step="2"/><W109/><G109/><T19/><D72/><U34/><E40/><V63/><F63/><W103/><G10/><T41/><D41/><U52/><E34/><V6/><F6/><W122/><G122/><T130/><D130/><U95/><E73/><V48/><F48/><W69/><REACH who="3" step="1"/><G11/><REACH who="3" ten="230,240,230,280" step="2"/><T47/><D36/><U112/><E112/><V24/><F24/><W68/><G68/><T57/><D27/><U37/><E37/><V7/><F7/><W23/><G23/><T125/><D21/><U22/><E22/><V66/><F66/><W71/><G71/><T14/><D38/><U18/><E5/><V59/><F59/><W120/><G120/><T8/><D57/><N who="1" m="32919" /><E98/><V64/><F64/><W132/><G132/><T85/><D125/><U75/><E75/><V108/><F108/><W35/><G35/><T25/><D8/><U116/><E116/><V28/><F28/><W62/><G62/><RYUUKYOKU ba="0,2" sc="230,-30,240,10,230,10,280,10" hai1="9,15,18,51,55,56,82,93,94,95" hai2="29,30,31,45,49,53,79,83,87,90,91,97,105" hai3="16,20,60,67,69,77,81,84,88,92,96,100,103" /><INIT seed="1,1,2,3,3,12" ten="200,250,240,290" oya="1" hai0="125,110,47,127,50,95,74,45,100,22,44,8,25" hai1="84,132,7,120,23,52,19,133,28,6,101,26,79" hai2="59,94,92,115,56,113,114,53,2,93,40,75,61" hai3="65,34,17,38,18,91,70,98,67,66,89,60,27"/><U15/><E120/><V107/><F107/><W117/><G38/><T131/><D74/><U13/><E101/><V130/><F130/><W108/><G108/><T35/><D110/><U116/><E84/><V1/><F75/><W54/><G117/><T24/><D131/><U14/><E79/><V77/><F77/><W104/><G54/><T76/><D76/><U112/><E52/><N who="2" m="33927" /><F40/><W33/><G89/><T55/><D8/><U16/><E116/><V86/><F86/><W32/><G91/><T135/><D135/><N who="1" m="51787" /><E112/><N who="2" m="28675" /><V119/><DORA hai="99" /><F119/><W64/><REACH who="3" step="1"/><G27/><REACH who="3" ten="200,250,240,280" step="2"/><T106/><D25/><U82/><E82/><V68/><F68/><W96/><G96/><N who="0" m="59423" /><D35/><U51/><E51/><AGARI ba="1,3" hai="1,2,51,53,59,92,93,94" m="28675,33927" machi="51" ten="40,2600,0" yaku="11,1,54,1" doraHai="12,99" who="2" fromWho="1" sc="200,0,250,-29,240,59,280,0" /><INIT seed="2,0,0,1,1,42" ten="200,221,299,280" oya="2" hai0="29,132,49,70,82,115,130,15,90,37,89,62,87" hai1="84,88,79,55,28,124,65,91,113,117,92,71,105" hai2="26,5,31,101,74,39,41,123,27,59,78,98,19" hai3="81,34,127,8,35,48,6,126,97,21,107,44,20"/><V14/><F123/><W86/><G107/><T83/><D115/><U51/><E117/><V11/><F74/><W24/><G97/><T116/><D116/><U66/><E113/><V80/><F19/><W77/><G126/><T46/><D132/><U111/><E105/><V18/><F18/><W67/><G67/><T64/><D130/><U112/><E111/><V110/><F110/><W43/><G127/><T120/><D120/><U103/><E112/><V0/><F14/><W33/><REACH who="3" step="1"/><G24/><REACH who="3" ten="200,221,299,270" step="2"/><T61/><D64/><U93/><E124/><V72/><F27/><W135/><G135/><T2/><D70/><U129/><E66/><V118/><F118/><W96/><G96/><T102/><D102/><U10/><E65/><V16/><F98/><W58/><G58/><T60/><D60/><U13/><E71/><V54/><F59/><W106/><G106/><T32/><D62/><U85/><E103/><V75/><F101/><W53/><G53/><T50/><D61/><U57/><E129/><V30/><F54/><W22/><G22/><T52/><D52/><U56/><E56/><V9/><F26/><W94/><G94/><T104/><D104/><U45/><E57/><V122/><F122/><W68/><G68/><T3/><D83/><U100/><E100/><V36/><F80/><W128/><G128/><T12/><D82/><U119/><E119/><V95/><F95/><W109/><G109/><T108/><D108/><U73/><E93/><V99/><F99/><W17/><G17/><T25/><D25/><U76/><E92/><V125/><F16/><W121/><G121/><RYUUKYOKU ba="0,1" sc="200,-10,221,-10,299,-10,270,30" hai3="6,8,20,21,33,34,35,43,44,48,77,81,86" /><INIT seed="3,1,1,1,4,3" ten="190,211,289,300" oya="3" hai0="57,114,133,95,80,18,49,78,131,69,102,39,43" hai1="105,14,89,116,22,123,101,85,63,0,129,47,107" hai2="15,45,109,91,77,120,29,23,24,104,50,87,60" hai3="4,46,61,127,67,48,90,68,36,56,71,121,16"/><W20/><G121/><T84/><D133/><U82/><E123/><V2/><F120/><W27/><G127/><T44/><D131/><U1/><E129/><V128/><F2/><W103/><G103/><T111/><D111/><U9/><E116/><V79/><F104/><W112/><G112/><T42/><D114/><U94/><E63/><V65/><F109/><W25/><G36/><T8/><D69/><U124/><E124/><V76/><F15/><W97/><G27/><T40/><D39/><U73/><E73/><V106/><F106/><W113/><G113/><T99/><REACH who="0" step="1"/><D57/><REACH who="0" ten="180,211,289,300" step="2"/><U54/><E47/><V19/><F128/><W10/><G97/><T13/><AGARI ba="1,2" hai="8,13,18,40,42,43,44,49,78,80,84,95,99,102" machi="13" ten="30,7900,0" yaku="1,1,2,1,0,1,8,1,53,0" doraHai="3" doraHaiUra="31" who="0" fromWho="0" sc="180,102,211,-21,289,-21,300,-40" /><INIT seed="4,0,0,3,2,0" ten="282,190,268,260" oya="0" hai0="36,16,42,39,55,135,122,96,51,70,7,30,110" hai1="134,29,76,91,83,123,95,104,47,108,18,27,65" hai2="26,79,37,90,103,53,57,89,24,1,3,101,62" hai3="40,120,5,10,80,78,133,14,13,69,109,64,52"/><T113/><D122/><U34/><E108/><V92/><F37/><W23/><G109/><T125/><D110/><U43/><E134/><V105/><F79/><W93/><G133/><T87/><D135/><U117/><E123/><V99/><F103/><W46/><G120/><T127/><D70/><U131/><E131/><V35/><F90/><W21/><G69/><T102/><D30/><U111/><E111/><V15/><F15/><W41/><G64/><T84/><D113/><U118/><E65/><V17/><F17/><N who="3" m="10415" /><G93/><T116/><D116/><U128/><E104/><V81/><F81/><W73/><G73/><T6/><D16/><U106/><E106/><V56/><F57/><W66/><G66/><T12/><D12/><U75/><E128/><V28/><REACH who="2" step="1"/><F24/><REACH who="2" ten="282,190,258,260" step="2"/><W97/><G97/><AGARI ba="0,1" hai="1,3,26,28,35,53,56,62,89,92,97,99,101,105" machi="97" ten="30,7700,0" yaku="1,1,2,1,7,1,53,1" doraHai="0" doraHaiUra="58" who="2" fromWho="3" sc="282,0,190,0,258,87,260,-77" /><INIT seed="5,0,0,5,1,47" ten="282,190,345,183" oya="1" hai0="87,126,115,31,84,104,4,128,28,57,17,91,39" hai1="75,121,113,92,65,58,29,103,16,69,105,79,134" hai2="43,12,123,48,99,49,46,22,15,133,132,45,120" hai3="33,51,44,78,50,11,125,81,21,54,83,127,64"/><U135/><E121/><V36/><F99/><W61/><G33/><T130/><D115/><U63/><E113/><V1/><F1/><W107/><G107/><T37/><D104/><U25/><E92/><V72/><F72/><W111/><G111/><T122/><D4/><U119/><E119/><V7/><F22/><W131/><G131/><T77/><D77/><U89/><E89/><V74/><F74/><W41/><G21/><T90/><D57/><U35/><E58/><V14/><F7/><W42/><G11/><T96/><D17/><U13/><E79/><V19/><F19/><W102/><G102/><T95/><D95/><U70/><E70/><V109/><F109/><W101/><G101/><T40/><D40/><U60/><E60/><V85/><F85/><W53/><G81/><T98/><D126/><N who="3" m="48137" /><G83/><T26/><D26/><U9/><REACH who="1" step="1"/><E75/><REACH who="1" ten="282,180,345,183" step="2"/><V117/><F120/><AGARI ba="0,1" hai="28,31,37,39,84,87,90,91,96,98,120,122,128,130" machi="120" ten="25,1600,0" yaku="22,2" doraHai="47" who="0" fromWho="2" sc="282,26,180,0,345,-16,183,0" /><INIT seed="6,0,0,5,3,90" ten="308,180,329,183" oya="2" hai0="126,20,108,61,116,69,71,53,59,41,50,101,98" hai1="113,72,43,111,22,100,97,102,134,45,119,76,63" hai2="56,92,51,96,128,58,1,74,118,40,86,121,0" hai3="79,85,107,34,105,68,24,2,32,115,104,44,3"/><V10/><F118/><W33/><G24/><T135/><D108/><U123/><E119/><V91/><F74/><W122/><G85/><T103/><D116/><U127/><E111/><V88/><F121/><W93/><G79/><T26/><D126/><U15/><E123/><V95/><F128/><W5/><G122/><T78/><D78/><U94/><E127/><V112/><F112/><W12/><G44/><T82/><D82/><U39/><E134/><V16/><F1/><W28/><G28/><T30/><D103/><U49/><E113/><V110/><F110/><W31/><G115/><T89/><D89/><U54/><E63/><V38/><F38/><W114/><G114/><T9/><D9/><U65/><E65/><V75/><F75/><W37/><G31/><T27/><D27/><U11/><E22/><V47/><F0/><W6/><G37/><T132/><D41/><U67/><E67/><V133/><F133/><N who="0" m="51274" /><D61/><U99/><E76/><V18/><F10/><W83/><G83/><T21/><D21/><U14/><E72/><V42/><F40/><W62/><G62/><T8/><D8/><U46/><E11/><V125/><F125/><W35/><N who="3" m="8192" /><DORA hai="48" /><W4/><G68/><T73/><D73/><U64/><E64/><V55/><F58/><W17/><REACH who="3" step="1"/><G93/><AGARI ba="0,0" hai="20,26,30,50,53,59,69,71,93,98,101" m="51274" machi="93" ten="30,3900,0" yaku="20,1,52,2" doraHai="90,48" who="0" fromWho="3" sc="308,39,180,0,329,0,183,-39" /><AGARI ba="0,0" hai="14,15,39,43,45,46,49,54,93,94,97,99,100,102" machi="93" ten="30,8000,1" yaku="7,1,9,1,52,3" doraHai="90,48" who="1" fromWho="3" sc="347,0,180,80,329,0,144,-80" /><INIT seed="7,0,0,2,0,42" ten="347,260,329,64" oya="3" hai0="34,3,62,9,109,28,86,100,112,26,48,6,90" hai1="15,105,120,121,101,92,104,11,116,37,97,123,67" hai2="61,35,55,114,69,84,18,66,88,30,89,53,17" hai3="24,59,10,103,78,12,75,130,40,79,71,124,81"/><W117/><G117/><T14/><D109/><U33/><E33/><V56/><F114/><W131/><G71/><T0/><D112/><U76/><E37/><V98/><F35/><W119/><G119/><T31/><D31/><U58/><E116/><V20/><F98/><W22/><G79/><T125/><D125/><U1/><E1/><V32/><F32/><W38/><G103/><T122/><D100/><U126/><E126/><V118/><F118/><W129/><G124/><T4/><D122/><U64/><E76/><V52/><F69/><W82/><G82/><T91/><D91/><N who="2" m="34890" /><F84/><W51/><G38/><T99/><D99/><U63/><REACH who="1" step="1"/><E67/><REACH who="1" ten="347,250,329,64" step="2"/><V94/><F94/><W43/><G59/><T110/><D34/><U77/><E77/><V133/><F133/><W73/><G73/><T5/><D3/><U111/><E111/><V21/><F21/><W70/><G70/><T106/><D0/><U2/><E2/><V39/><F39/><W83/><G83/><T134/><D134/><U127/><E127/><V50/><F50/><W36/><G36/><T19/><D48/><U46/><E46/><V115/><F115/><W68/><G68/><T47/><D47/><U23/><E23/><V60/><F60/><W95/><G51/><T74/><D62/><U80/><E80/><V87/><F87/><W107/><G107/><T113/><D106/><U49/><E49/><V65/><F66/><W96/><G96/><T57/><D110/><U29/><E29/><V7/><F30/><N who="3" m="17687" /><G95/><T132/><D113/><U54/><E54/><V8/><F20/><W13/><G10/><RYUUKYOKU ba="0,1" sc="347,-30,250,10,329,10,64,10" hai1="11,15,58,63,64,92,97,101,104,105,120,121,123" hai2="7,8,17,18,52,53,55,56,61,65" hai3="12,13,40,43,75,78,81,129,130,131" /><INIT seed="7,1,1,4,2,38" ten="317,260,339,74" oya="3" hai0="122,11,33,123,96,8,43,92,65,49,131,68,109" hai1="118,25,90,78,83,19,52,5,77,46,12,16,13" hai2="39,6,29,32,53,73,105,91,22,50,98,97,58" hai3="120,95,26,54,82,62,80,57,23,117,35,74,20"/><W94/><G117/><T88/><D109/><U37/><E118/><V101/><F39/><W87/><G120/><T71/><D33/><U85/><E37/><V60/><F73/><W17/><G35/><T30/><D30/><U121/><E121/><V110/><F110/><W59/><G74/><T44/><D123/><U75/><E75/><V133/><F32/><W2/><G2/><T84/><D122/><U15/><E5/><V93/><F133/><W1/><G1/><T79/><D131/><U114/><E114/><V125/><F125/><W0/><G0/><T124/><D124/><U27/><E27/><V100/><F6/><W113/><G113/><T31/><D31/><U10/><E25/><N who="2" m="16567" /><F105/><W3/><G3/><T36/><D36/><U89/><E89/><N who="2" m="55471" /><F60/><N who="3" m="35895" /><G20/><T69/><D65/><U116/><E116/><V41/><F41/><W132/><G132/><T134/><D134/><U103/><E103/><V48/><F50/><W112/><G112/><T63/><D63/><U107/><E107/><V34/><F34/><W55/><G82/><T4/><D4/><U67/><E19/><V28/><F28/><W72/><G72/><T126/><D126/><U104/><E104/><V129/><F129/><W108/><G108/><T64/><D64/><U106/><E67/><V61/><F61/><W56/><G56/><T86/><D79/><AGARI ba="1,1" hai="17,23,26,55,59,62,79,80,87,94,95" m="35895" machi="79" ten="30,1500,0" yaku="8,1" doraHai="38" who="3" fromWho="0" sc="317,-18,260,0,339,0,74,28" /><INIT seed="7,2,0,0,3,82" ten="299,260,339,102" oya="3" hai0="111,132,110,83,27,105,8,14,85,6,108,72,0" hai1="126,1,117,55,77,54,59,16,99,112,98,67,41" hai2="39,26,60,130,32,58,38,62,102,95,113,18,7" hai3="134,87,37,128,94,13,68,61,44,125,115,93,75"/><W100/><G115/><T12/><D132/><U135/><E135/><V89/><F130/><W33/><G134/><T121/><D121/><U3/><E112/><V106/><F7/><W129/><G33/><T80/><D105/><U46/><E117/><V22/><F32/><W36/><G75/><T57/><D57/><U123/><E123/><V21/><F62/><W131/><G125/><T101/><D101/><U56/><E126/><V119/><F119/><W28/><G28/><T84/><D72/><U42/><E77/><V4/><F4/><W71/><G13/><T116/><D116/><U53/><E67/><V45/><F45/><W81/><G44/><T104/><D104/><U114/><E46/><V43/><F43/><N who="1" m="16393" /><E114/><V109/><F109/><W20/><G20/><T48/><D48/><U69/><E69/><N who="3" m="26698" /><G61/><T15/><D27/><U24/><E1/><V103/><F22/><W78/><G100/><T31/><D31/><U25/><E3/><V2/><F2/><W118/><G118/><T47/><D47/><U88/><E25/><V19/><F106/><W79/><G79/><T91/><REACH who="0" step="1"/><D0/><REACH who="0" ten="289,260,339,102" step="2"/><U49/><E49/><V107/><F107/><W65/><G65/><T40/><D40/><U122/><E122/><V17/><F113/><W120/><G120/><T11/><D11/><U30/><E30/><V9/><F102/><W64/><G64/><T76/><AGARI ba="2,1" hai="6,8,12,14,15,76,80,83,84,85,91,108,110,111" machi="76" ten="30,7900,0" yaku="1,1,0,1,52,2,53,0" doraHai="82" doraHaiUra="52" who="0" fromWho="0" sc="289,95,260,-22,339,-22,102,-41" owari="384,48.4,238,-16.2,317,11.7,61,-43.9" /></mjloggm>